SYMBOL,DATE,TIME,PRICE,SIZE,COND,EX
AAPL,20130201,9:30:00,459.41,100,@F,Q
AAPL,20130201,9:30:00,459.48,136,@F,Q
AAPL,20130201,9:30:00,459.44,100,@F,P
AAPL,20130201,9:30:00,459.45,200,@F,P
AAPL,20130201,9:30:00,459.25,100,@F,P
AAPL,20130201,9:30:00,459.11,500,,D
AAPL,20130201,9:30:00,459.15,100,,Z
AAPL,20130201,9:30:00,459.14,100,,Z
AAPL,20130201,9:30:00,459.12,100,,Z
AAPL,20130201,9:30:00,459.12,200,@F,Z
AAPL,20130201,9:30:00,459.12,100,,Z
AAPL,20130201,9:30:00,459.12,374,,Z
AAPL,20130201,9:30:00,459.12,100,,D
AAPL,20130201,9:30:00,459.33,113008,@O,Q
AAPL,20130201,9:30:00,459.33,113008,Q,Q
AAPL,20130201,9:30:00,459.32,100,@F,Q
AAPL,20130201,9:30:00,459.32,100,@F,Q
AAPL,20130201,9:30:00,459.33,100,,Q
AAPL,20130201,9:30:00,459.34,100,,Q
AAPL,20130201,9:30:00,459.3,100,@F,Q
AAPL,20130201,9:30:00,459.3,350,@F,Q
AAPL,20130201,9:30:00,459.3,500,@F,Q
AAPL,20130201,9:30:00,459.26,100,@F,Q
AAPL,20130201,9:30:00,459.25,364,@F,Q
AAPL,20130201,9:30:00,459.18,100,@F,B
AAPL,20130201,9:30:00,459.12,100,@F,B
AAPL,20130201,9:30:00,459.4,100,Q,P
AAPL,20130201,9:30:00,459.4,100,@F,P
AAPL,20130201,9:30:00,459.22,100,@F,P
AAPL,20130201,9:30:00,459.26,100,@F,Q
AAPL,20130201,9:30:00,459.27,100,@F,Q
AAPL,20130201,9:30:00,459.41,100,@F,Q
AAPL,20130201,9:30:00,459.18,100,@F,Q
AAPL,20130201,9:30:00,459.15,230,@F,Q
AAPL,20130201,9:30:00,459.15,100,@F,Q
AAPL,20130201,9:30:00,459.15,100,@F,B
AAPL,20130201,9:30:00,459.16,100,@F,B
AAPL,20130201,9:30:00,459.14,100,@F,B
AAPL,20130201,9:30:00,459.12,100,@F,B
AAPL,20130201,9:30:00,459.15,100,@F,P
AAPL,20130201,9:30:00,459.12,100,@F,P
AAPL,20130201,9:30:00,459.12,100,@F,P
AAPL,20130201,9:30:00,459.12,100,@F,P
AAPL,20130201,9:30:00,459.11,100,@F,P
AAPL,20130201,9:30:00,459.11,200,@F,Q
AAPL,20130201,9:30:00,459.1,100,@F,Q
AAPL,20130201,9:30:00,459.1,100,@F,P
AAPL,20130201,9:30:00,459.1,100,@F,P
AAPL,20130201,9:30:00,459.1,100,@F,P
AAPL,20130201,9:30:00,459.4499,100,,D
AAPL,20130201,9:30:00,459.07,100,@F,Q
AAPL,20130201,9:30:00,459.06,100,@F,P
AAPL,20130201,9:30:00,459.01,200,@F,Q
AAPL,20130201,9:30:00,459.1,100,@F,K
AAPL,20130201,9:30:00,459.1,100,@F,K
AAPL,20130201,9:30:00,459,100,,K
AAPL,20130201,9:30:00,459,170,@F,K
AAPL,20130201,9:30:00,459.34,100,@F,B
AAPL,20130201,9:30:00,459.35,100,@F,K
AAPL,20130201,9:30:00,459.36,150,@F,Q
AAPL,20130201,9:30:00,459.36,300,@F,Q
AAPL,20130201,9:30:00,459.38,100,@F,Q
AAPL,20130201,9:30:00,459.38,200,@F,Q
AAPL,20130201,9:30:00,459.35,100,,D
AAPL,20130201,9:30:00,459.36,300,@F,K
AAPL,20130201,9:30:00,459.37,100,@F,K
AAPL,20130201,9:30:00,459.23,100,@F,Q
AAPL,20130201,9:30:00,459.32,100,@F,Q
AAPL,20130201,9:30:00,459.16,100,@F,Q
AAPL,20130201,9:30:00,459.42,100,@F,Q
AAPL,20130201,9:30:00,459.305,100,,D
AAPL,20130201,9:30:00,459.47,300,@F,Q
AAPL,20130201,9:30:00,459.48,181,@F,Q
AAPL,20130201,9:30:00,459.45,100,@F,K
AAPL,20130201,9:30:00,459.2,100,,Q
AAPL,20130201,9:30:00,459.45,100,,Q
AAPL,20130201,9:30:00,459.44,100,@F,Y
AAPL,20130201,9:30:00,459.44,100,,Z
AAPL,20130201,9:30:00,459.45,100,@F,Y
AAPL,20130201,9:30:00,459.18,100,@F,K
AAPL,20130201,9:30:00,459.13,100,,D
AAPL,20130201,9:30:00,459.44,100,,B
AAPL,20130201,9:30:00,459.45,100,,B
AAPL,20130201,9:30:00,459.47,100,@F,Z
AAPL,20130201,9:30:00,459.48,100,@F,W
AAPL,20130201,9:30:00,459.33,100,@F,Z
AAPL,20130201,9:30:00,459.12,100,@F,Z
AAPL,20130201,9:30:00,459.12,100,@F,Z
AAPL,20130201,9:30:01,459.25,100,,D
AAPL,20130201,9:30:01,459.3,100,,D
AAPL,20130201,9:30:01,459.12,100,@F,Q
AAPL,20130201,9:30:01,459.48,100,,D
AAPL,20130201,9:30:01,459.29,100,,Q
AAPL,20130201,9:30:01,459.22,300,@F,Q
AAPL,20130201,9:30:01,459.22,300,@F,Q
AAPL,20130201,9:30:01,459.21,100,@F,Q
AAPL,20130201,9:30:01,459.21,100,,Y
AAPL,20130201,9:30:01,459.12,100,@F,Z
AAPL,20130201,9:30:01,459.11,100,@F,Z
AAPL,20130201,9:30:01,459.38,100,@F,Q
AAPL,20130201,9:30:01,459.1,100,,Z
AAPL,20130201,9:30:01,459.13,100,,Z
AAPL,20130201,9:30:01,459.07,100,@F,Q
AAPL,20130201,9:30:01,459.07,100,@F,Y
AAPL,20130201,9:30:01,458.99,100,@F,Y
AAPL,20130201,9:30:01,459.1,100,,D
AAPL,20130201,9:30:01,458.95,100,@F,W
AAPL,20130201,9:30:02,458.95,200,,Q
AAPL,20130201,9:30:02,458.93,100,,P
AAPL,20130201,9:30:02,459.478,100,,D
AAPL,20130201,9:30:02,459.325,100,,D
AAPL,20130201,9:30:02,459.325,100,,D
AAPL,20130201,9:30:02,459.325,100,,D
AAPL,20130201,9:30:02,459.325,100,,D
AAPL,20130201,9:30:02,459.105,100,,D
AAPL,20130201,9:30:02,459.105,100,,D
AAPL,20130201,9:30:02,459.28,100,,D
AAPL,20130201,9:30:02,459.225,100,,D
AAPL,20130201,9:30:02,459.477,100,,D
AAPL,20130201,9:30:02,458.81,100,@F,P
AAPL,20130201,9:30:02,458.82,100,@F,P
AAPL,20130201,9:30:02,458.77,100,,Q
AAPL,20130201,9:30:02,458.77,100,,B
AAPL,20130201,9:30:02,458.75,100,,P
AAPL,20130201,9:30:02,458.75,100,,P
AAPL,20130201,9:30:02,459.33,474,@4,D
AAPL,20130201,9:30:02,458.75,100,@F,P
AAPL,20130201,9:30:02,458.77,195,,P
AAPL,20130201,9:30:02,458.75,100,,Q
AAPL,20130201,9:30:02,458.7,100,,P
AAPL,20130201,9:30:02,458.7,140,,P
AAPL,20130201,9:30:02,458.71,100,,P
AAPL,20130201,9:30:02,458.73,340,,P
AAPL,20130201,9:30:02,458.73,100,,P
AAPL,20130201,9:30:02,458.75,100,,P
AAPL,20130201,9:30:02,458.76,435,,P
AAPL,20130201,9:30:02,458.76,260,,P
AAPL,20130201,9:30:02,459.33,100,@4,D
AAPL,20130201,9:30:03,459.33,300,@4,D
AAPL,20130201,9:30:03,459.33,100,@4,D
AAPL,20130201,9:30:03,458.92,100,@F,K
AAPL,20130201,9:30:03,459,600,@F,K
AAPL,20130201,9:30:03,459.05,100,,K
AAPL,20130201,9:30:03,458.815,150,@F,K
AAPL,20130201,9:30:03,458.75,100,@F,K
AAPL,20130201,9:30:03,459.33,100,@4,D
AAPL,20130201,9:30:03,458.73,100,@F,Q
AAPL,20130201,9:30:03,459.17,100,,D
AAPL,20130201,9:30:03,459.12,100,,D
AAPL,20130201,9:30:03,459.48,100,,D
AAPL,20130201,9:30:04,458.76,100,,D
AAPL,20130201,9:30:04,459.48,100,,D
AAPL,20130201,9:30:04,458.73,123,,Q
AAPL,20130201,9:30:05,458.6001,100,,D
AAPL,20130201,9:30:05,458.6001,100,,D
AAPL,20130201,9:30:05,459.23,100,,D
AAPL,20130201,9:30:05,458.62,140,,Q
AAPL,20130201,9:30:05,458.62,100,,Q
AAPL,20130201,9:30:05,458.61,100,@F,Q
AAPL,20130201,9:30:05,458.6,100,@F,Q
AAPL,20130201,9:30:05,458.665,100,,D
AAPL,20130201,9:30:05,458.61,100,@F,Z
AAPL,20130201,9:30:05,458.61,100,@F,Y
AAPL,20130201,9:30:05,458.6,100,@F,Y
AAPL,20130201,9:30:05,458.6,100,@F,Z
AAPL,20130201,9:30:05,458.6,300,@F,Z
AAPL,20130201,9:30:05,458.59,100,@F,Z
AAPL,20130201,9:30:05,458.67,100,,Z
AAPL,20130201,9:30:06,458.69,100,@F,Q
AAPL,20130201,9:30:07,459.33,150,,D
AAPL,20130201,9:30:07,458.57,100,@F,K
AAPL,20130201,9:30:07,459.48,100,,D
AAPL,20130201,9:30:07,458.5,100,@F,Q
AAPL,20130201,9:30:07,459.33,500,,D
AAPL,20130201,9:30:08,458.7599,200,,D
AAPL,20130201,9:30:08,458.49,100,@F,Q
AAPL,20130201,9:30:08,458.49,100,@F,Q
AAPL,20130201,9:30:08,458.7,100,,D
AAPL,20130201,9:30:08,458.6,100,,D
AAPL,20130201,9:30:09,458.53,100,,D
AAPL,20130201,9:30:09,458.9299,100,,D
AAPL,20130201,9:30:09,458.46,100,@F,Q
AAPL,20130201,9:30:09,458.47,175,@F,K
AAPL,20130201,9:30:09,458.48,100,@F,K
AAPL,20130201,9:30:09,458.48,100,@F,K
AAPL,20130201,9:30:10,458.4,100,,D
AAPL,20130201,9:30:10,458.44,100,@F,Q
AAPL,20130201,9:30:10,458.41,100,@F,Q
AAPL,20130201,9:30:10,458.44,100,@F,P
AAPL,20130201,9:30:10,458.41,100,@F,P
AAPL,20130201,9:30:10,458.4,102,,P
AAPL,20130201,9:30:10,458.4,100,@F,K
AAPL,20130201,9:30:10,458.4,558,,K
AAPL,20130201,9:30:10,458.4,200,,P
AAPL,20130201,9:30:10,458.4,142,,K
AAPL,20130201,9:30:10,458.4,100,,K
AAPL,20130201,9:30:10,458.35,100,,Z
AAPL,20130201,9:30:10,458.28,100,@F,Q
AAPL,20130201,9:30:10,458.28,100,@F,Q
AAPL,20130201,9:30:10,458.28,100,@F,Q
AAPL,20130201,9:30:10,458.27,100,@F,Q
AAPL,20130201,9:30:10,458.27,100,,P
AAPL,20130201,9:30:10,458.6,100,,D
AAPL,20130201,9:30:10,458.46,100,,D
AAPL,20130201,9:30:11,458.35,100,,D
AAPL,20130201,9:30:11,458.7001,2000,,D
AAPL,20130201,9:30:11,458.44,100,,D
AAPL,20130201,9:30:11,458.42,125,@F,Z
AAPL,20130201,9:30:11,458.7398,100,,D
AAPL,20130201,9:30:11,458.29,100,,P
AAPL,20130201,9:30:11,458.28,100,,P
AAPL,20130201,9:30:11,458.27,100,,P
AAPL,20130201,9:30:11,458.26,100,,P
AAPL,20130201,9:30:11,458.26,100,,P
AAPL,20130201,9:30:11,458.25,100,,P
AAPL,20130201,9:30:11,458.26,100,,P
AAPL,20130201,9:30:11,458.29,100,@F,Y
AAPL,20130201,9:30:11,458.4139,200,,D
AAPL,20130201,9:30:12,458.32,100,@F,Q
AAPL,20130201,9:30:12,458.32,100,@F,Z
AAPL,20130201,9:30:12,458.27,100,,Y
AAPL,20130201,9:30:12,458.27,100,,P
AAPL,20130201,9:30:12,458.25,100,,Z
AAPL,20130201,9:30:12,458.23,100,,Q
AAPL,20130201,9:30:12,458.14,100,,Q
AAPL,20130201,9:30:12,458.14,100,,Z
AAPL,20130201,9:30:12,458.18,100,,P
AAPL,20130201,9:30:12,458.14,100,,P
AAPL,20130201,9:30:12,458.09,100,@F,Z
AAPL,20130201,9:30:12,458.11,120,@F,P
AAPL,20130201,9:30:12,458.14,100,@F,Q
AAPL,20130201,9:30:12,458.21,100,@F,Q
AAPL,20130201,9:30:12,458.22,100,@F,Q
AAPL,20130201,9:30:12,458.23,100,@F,Q
AAPL,20130201,9:30:12,458.23,100,@F,P
AAPL,20130201,9:30:12,458.08,100,,P
AAPL,20130201,9:30:12,458.07,400,@F,P
AAPL,20130201,9:30:12,458.05,100,,K
AAPL,20130201,9:30:12,458.402,100,,D
AAPL,20130201,9:30:12,458.75,200,,D
AAPL,20130201,9:30:12,458.4,100,,D
AAPL,20130201,9:30:12,458.75,200,,D
AAPL,20130201,9:30:13,458.21,100,@F,Q
AAPL,20130201,9:30:13,458.21,100,@F,Q
AAPL,20130201,9:30:13,458.19,100,@F,Z
AAPL,20130201,9:30:13,458.19,100,,Y
AAPL,20130201,9:30:13,458.19,100,,Y
AAPL,20130201,9:30:13,458.6,100,,D
AAPL,20130201,9:30:13,458.39,100,,D
AAPL,20130201,9:30:13,458.35,200,,D
AAPL,20130201,9:30:14,458.12,371,,P
AAPL,20130201,9:30:14,458.09,100,,Z
AAPL,20130201,9:30:14,458.09,100,,Z
AAPL,20130201,9:30:14,458.08,100,,Z
AAPL,20130201,9:30:14,458.07,300,,Z
AAPL,20130201,9:30:14,458.07,100,@F,P
AAPL,20130201,9:30:14,458.15,100,,Z
AAPL,20130201,9:30:14,458.07,100,,Q
AAPL,20130201,9:30:14,458.07,100,,P
AAPL,20130201,9:30:14,458.06,100,,B
AAPL,20130201,9:30:14,458.06,100,,B
AAPL,20130201,9:30:14,458.0875,100,,D
AAPL,20130201,9:30:14,458.09,100,,D
AAPL,20130201,9:30:14,458.04,100,@F,Z
AAPL,20130201,9:30:14,458.03,100,@F,K
AAPL,20130201,9:30:14,458.03,100,@F,K
AAPL,20130201,9:30:14,458.03,100,@F,K
AAPL,20130201,9:30:14,458.03,100,@F,K
AAPL,20130201,9:30:14,458.02,200,,Y
AAPL,20130201,9:30:14,458.02,100,,K
AAPL,20130201,9:30:14,458.04,100,@F,Q
AAPL,20130201,9:30:14,458.06,110,@F,Q
AAPL,20130201,9:30:14,458.05,100,,Q
AAPL,20130201,9:30:14,458.05,100,,K
AAPL,20130201,9:30:15,458.06,190,@F,Q
AAPL,20130201,9:30:15,458.06,100,@F,Q
AAPL,20130201,9:30:15,458.08,100,@F,P
AAPL,20130201,9:30:15,458.06,100,@F,K
AAPL,20130201,9:30:15,458.07,100,@F,K
AAPL,20130201,9:30:15,458.2,100,@F,Q
AAPL,20130201,9:30:15,458.2,100,@F,Q
AAPL,20130201,9:30:15,458.21,100,@F,Q
AAPL,20130201,9:30:15,458.21,100,@F,Q
AAPL,20130201,9:30:15,458.21,100,@F,Q
AAPL,20130201,9:30:15,458.22,100,@F,Q
AAPL,20130201,9:30:15,458.1,100,@F,Q
AAPL,20130201,9:30:15,458.08,100,@F,Q
AAPL,20130201,9:30:15,458.05,100,@F,Q
AAPL,20130201,9:30:15,458.03,100,@F,Q
AAPL,20130201,9:30:15,458.02,100,@F,Q
AAPL,20130201,9:30:15,458.09,100,@F,Y
AAPL,20130201,9:30:15,458.08,100,@F,B
AAPL,20130201,9:30:15,458.08,100,@F,B
AAPL,20130201,9:30:15,458.09,161,@F,B
AAPL,20130201,9:30:15,458.02,100,@F,K
AAPL,20130201,9:30:15,458.01,900,@F,K
AAPL,20130201,9:30:15,458.05,100,@F,K
AAPL,20130201,9:30:15,458.25,100,,D
AAPL,20130201,9:30:15,458.436,100,,D
AAPL,20130201,9:30:15,458.41,100,,D
AAPL,20130201,9:30:15,458.08,100,,J
AAPL,20130201,9:30:15,458.09,190,,J
AAPL,20130201,9:30:15,458.08,100,,Q
AAPL,20130201,9:30:15,458.08,100,,B
AAPL,20130201,9:30:15,458.09,100,,B
AAPL,20130201,9:30:15,458.09,100,,B
AAPL,20130201,9:30:15,458.08,100,,Y
AAPL,20130201,9:30:15,458.08,100,,Z
AAPL,20130201,9:30:15,458.09,100,,Z
AAPL,20130201,9:30:15,458.09,100,,Y
AAPL,20130201,9:30:15,458.09,100,,Y
AAPL,20130201,9:30:15,458.09,100,,Y
AAPL,20130201,9:30:15,458.08,100,,P
AAPL,20130201,9:30:15,458.09,100,@F,K
AAPL,20130201,9:30:15,458.08,100,,J
AAPL,20130201,9:30:15,458.09,276,@F,W
AAPL,20130201,9:30:15,458.09,100,,J
AAPL,20130201,9:30:16,458.07,100,,P
AAPL,20130201,9:30:16,458.07,100,,P
AAPL,20130201,9:30:16,458.07,100,,P
AAPL,20130201,9:30:16,458.07,100,,P
AAPL,20130201,9:30:16,458.01,400,,D
AAPL,20130201,9:30:16,458.0101,100,,D
AAPL,20130201,9:30:16,458.088,100,,D
AAPL,20130201,9:30:16,458.1524,200,,D
AAPL,20130201,9:30:16,458.01,100,,D
AAPL,20130201,9:30:16,458.09,300,@F,Y
AAPL,20130201,9:30:16,458.09,300,@F,B
AAPL,20130201,9:30:16,458.09,160,@F,J
AAPL,20130201,9:30:16,458.09,200,@F,W
AAPL,20130201,9:30:16,458.06,200,,D
AAPL,20130201,9:30:17,458.06,100,,Z
AAPL,20130201,9:30:17,458.06,100,@F,P
AAPL,20130201,9:30:17,458.06,100,,Z
AAPL,20130201,9:30:17,458.02,100,,P
AAPL,20130201,9:30:17,458.1,126,@F,Z
AAPL,20130201,9:30:17,458.12,200,@F,Y
AAPL,20130201,9:30:17,458.14,100,@F,Q
AAPL,20130201,9:30:17,458.16,100,@F,Q
AAPL,20130201,9:30:17,458.17,100,@F,Q
AAPL,20130201,9:30:17,458.19,100,@F,Q
AAPL,20130201,9:30:17,458.15,100,@F,Z
AAPL,20130201,9:30:17,458.13,100,@F,K
AAPL,20130201,9:30:17,458.19,100,@F,K
AAPL,20130201,9:30:17,458.1,100,@F,Q
AAPL,20130201,9:30:17,458.07,100,@F,Q
AAPL,20130201,9:30:17,458.07,100,@F,Y
AAPL,20130201,9:30:17,458.07,100,@F,Y
AAPL,20130201,9:30:17,458.03,100,@F,Q
AAPL,20130201,9:30:17,458.09,100,@F,Z
AAPL,20130201,9:30:18,458.09,100,,D
AAPL,20130201,9:30:18,458.1899,200,,D
AAPL,20130201,9:30:18,458.11,100,,Q
AAPL,20130201,9:30:18,458.11,400,,Q
AAPL,20130201,9:30:18,458.14,100,,D
AAPL,20130201,9:30:19,458.19,100,,D
AAPL,20130201,9:30:19,458.18,100,,Q
AAPL,20130201,9:30:19,458.19,100,,Q
AAPL,20130201,9:30:19,458.15,100,,Z
AAPL,20130201,9:30:19,458.19,100,,D
AAPL,20130201,9:30:19,458.15,100,,K
AAPL,20130201,9:30:19,458.19,174,,Q
AAPL,20130201,9:30:19,458.15,100,,Z
AAPL,20130201,9:30:19,458.15,100,,D
AAPL,20130201,9:30:19,458.19,100,,Q
AAPL,20130201,9:30:19,458.19,100,,Q
AAPL,20130201,9:30:19,458.19,100,@F,Y
AAPL,20130201,9:30:19,458.19,100,@F,Y
AAPL,20130201,9:30:19,458.19,100,@F,Y
AAPL,20130201,9:30:19,458.165,100,,D
AAPL,20130201,9:30:19,458.19,100,@F,Q
AAPL,20130201,9:30:19,458.165,100,,Z
AAPL,20130201,9:30:19,458.19,100,,K
AAPL,20130201,9:30:19,458.165,100,,Z
AAPL,20130201,9:30:19,458.19,100,,Q
AAPL,20130201,9:30:19,458.19,200,@F,Q
AAPL,20130201,9:30:19,458.19,100,,K
AAPL,20130201,9:30:19,458.19,104,@F,Q
AAPL,20130201,9:30:19,458.17,100,,P
AAPL,20130201,9:30:19,458.19,100,,Q
AAPL,20130201,9:30:19,458.19,100,,K
AAPL,20130201,9:30:19,458.19,250,,Q
AAPL,20130201,9:30:19,458.18,100,@F,Y
AAPL,20130201,9:30:19,458.18,100,@F,K
AAPL,20130201,9:30:19,458.18,100,@F,K
AAPL,20130201,9:30:19,458.185,100,,P
AAPL,20130201,9:30:19,458.126,100,,D
AAPL,20130201,9:30:20,458.19,400,@F,Q
AAPL,20130201,9:30:20,458.19,100,,Q
AAPL,20130201,9:30:20,458.19,350,,Q
AAPL,20130201,9:30:20,458.75,125,,D
AAPL,20130201,9:30:20,458.19,100,,D
AAPL,20130201,9:30:20,458.1402,610,,D
AAPL,20130201,9:30:21,458.19,100,@F,Q
AAPL,20130201,9:30:21,458.19,400,@F,Q
AAPL,20130201,9:30:21,458.19,200,@F,K
AAPL,20130201,9:30:21,458.19,100,@F,K
AAPL,20130201,9:30:21,458.19,127,@F,K
AAPL,20130201,9:30:21,458.19,100,,Z
AAPL,20130201,9:30:21,458.19,100,@F,Q
AAPL,20130201,9:30:21,458.19,300,,Q
AAPL,20130201,9:30:21,458.19,100,,Q
AAPL,20130201,9:30:21,458.19,100,,D
AAPL,20130201,9:30:21,458.19,400,,Q
AAPL,20130201,9:30:21,458.17,100,@F,Q
AAPL,20130201,9:30:21,458.16,100,@F,Q
AAPL,20130201,9:30:21,458.19,100,,K
AAPL,20130201,9:30:21,458.19,273,,K
AAPL,20130201,9:30:21,458.17,100,@F,K
AAPL,20130201,9:30:21,458.18,100,@F,Q
AAPL,20130201,9:30:21,458.18,100,@F,Q
AAPL,20130201,9:30:21,458.18,100,,K
AAPL,20130201,9:30:21,458.19,100,@F,Q
AAPL,20130201,9:30:21,458.19,100,,D
AAPL,20130201,9:30:21,458.185,300,,D
AAPL,20130201,9:30:21,458.19,100,,D
AAPL,20130201,9:30:21,458.15,100,,P
AAPL,20130201,9:30:21,458.14,180,,Z
AAPL,20130201,9:30:21,458.14,100,@F,D
AAPL,20130201,9:30:21,458.13,120,,Z
AAPL,20130201,9:30:22,458.14,100,@F,C
AAPL,20130201,9:30:22,458.14,100,@F,C
AAPL,20130201,9:30:22,458.18,100,,D
AAPL,20130201,9:30:22,458.13,360,,Z
AAPL,20130201,9:30:22,458.13,140,,Z
AAPL,20130201,9:30:22,458.13,105,@F,Z
AAPL,20130201,9:30:22,458.155,100,,P
AAPL,20130201,9:30:22,458.1,100,,Q
AAPL,20130201,9:30:22,458.1,100,@F,Z
AAPL,20130201,9:30:22,458.06,100,,Y
AAPL,20130201,9:30:22,458.05,100,,Y
AAPL,20130201,9:30:22,458.02,100,,W
AAPL,20130201,9:30:23,458.0206,200,,D
AAPL,20130201,9:30:23,458.139,300,,D
AAPL,20130201,9:30:23,458.14,200,,D
AAPL,20130201,9:30:23,458.14,200,,D
AAPL,20130201,9:30:23,458.14,200,,D
AAPL,20130201,9:30:23,458.14,100,,D
AAPL,20130201,9:30:23,458.15,100,@F,Z
AAPL,20130201,9:30:23,458.14,100,,K
AAPL,20130201,9:30:23,458.17,100,@F,Q
AAPL,20130201,9:30:23,458.18,400,@F,Q
AAPL,20130201,9:30:23,458.19,300,,Q
AAPL,20130201,9:30:23,458.18,100,,J
AAPL,20130201,9:30:23,458.19,300,,B
AAPL,20130201,9:30:23,458.19,100,,J
AAPL,20130201,9:30:23,458.19,179,,K
AAPL,20130201,9:30:23,458.19,300,,Y
AAPL,20130201,9:30:23,458.19,100,,J
AAPL,20130201,9:30:23,458.19,100,@F,K
AAPL,20130201,9:30:23,458.19,400,,Q
AAPL,20130201,9:30:23,458.19,100,@F,K
AAPL,20130201,9:30:23,458.19,200,,K
AAPL,20130201,9:30:23,458.15,100,@F,Z
AAPL,20130201,9:30:23,458.1,100,,D
AAPL,20130201,9:30:23,458.08,100,,D
AAPL,20130201,9:30:23,458.19,381,@F,Q
AAPL,20130201,9:30:23,458.19,100,@F,Q
AAPL,20130201,9:30:23,458.19,100,@F,Z
AAPL,20130201,9:30:23,458.19,194,@F,K
AAPL,20130201,9:30:23,458.19,100,@F,K
AAPL,20130201,9:30:23,458.17,100,@F,Z
AAPL,20130201,9:30:23,458.19,100,@F,K
AAPL,20130201,9:30:23,458.19,100,,K
AAPL,20130201,9:30:23,458.19,100,,K
AAPL,20130201,9:30:23,458.18,100,@F,K
AAPL,20130201,9:30:24,458.19,100,@F,Q
AAPL,20130201,9:30:24,458.19,107,@F,Q
AAPL,20130201,9:30:24,458.19,193,@F,Q
AAPL,20130201,9:30:24,458.19,400,@F,Q
AAPL,20130201,9:30:24,458.19,200,@F,K
AAPL,20130201,9:30:24,458.15,100,@F,Z
AAPL,20130201,9:30:24,458.15,100,@F,Z
AAPL,20130201,9:30:24,458.19,100,,Q
AAPL,20130201,9:30:24,458.19,100,@F,K
AAPL,20130201,9:30:24,458.18,100,,Z
AAPL,20130201,9:30:24,458.15,100,@F,P
AAPL,20130201,9:30:24,458.15,100,@F,P
AAPL,20130201,9:30:24,458.19,200,@F,K
AAPL,20130201,9:30:24,458.19,100,@F,K
AAPL,20130201,9:30:24,458.19,100,@F,K
AAPL,20130201,9:30:24,458.19,100,@F,W
AAPL,20130201,9:30:24,458.22,100,@F,Q
AAPL,20130201,9:30:24,458.23,100,,Q
AAPL,20130201,9:30:24,458.19,100,@F,K
AAPL,20130201,9:30:24,458.23,100,,P
AAPL,20130201,9:30:24,458.38,500,@F,Z
AAPL,20130201,9:30:24,458.45,100,@F,B
AAPL,20130201,9:30:24,458.4,100,@F,Q
AAPL,20130201,9:30:24,458.41,100,,D
AAPL,20130201,9:30:24,458.4,100,,P
AAPL,20130201,9:30:24,458.48,100,@F,K
AAPL,20130201,9:30:24,458.14,100,,D
AAPL,20130201,9:30:24,458.48,100,,D
AAPL,20130201,9:30:24,458.51,100,,B
AAPL,20130201,9:30:24,458.51,100,,Q
AAPL,20130201,9:30:24,458.51,100,@F,Q
AAPL,20130201,9:30:24,458.51,100,@F,Q
AAPL,20130201,9:30:24,458.51,100,@F,Q
AAPL,20130201,9:30:24,458.51,100,,Z
AAPL,20130201,9:30:24,458.51,100,@F,Z
AAPL,20130201,9:30:24,458.51,100,,P
AAPL,20130201,9:30:24,458.48,100,@F,K
AAPL,20130201,9:30:24,458.59,100,,P
AAPL,20130201,9:30:24,458.48,100,,D
AAPL,20130201,9:30:24,458.51,100,,D
AAPL,20130201,9:30:24,458.65,100,@F,Q
AAPL,20130201,9:30:24,458.68,100,,P
AAPL,20130201,9:30:24,458.65,100,@F,Y
AAPL,20130201,9:30:24,458.55,100,,Z
AAPL,20130201,9:30:24,458.46,105,,D
AAPL,20130201,9:30:24,458.52,100,,P
AAPL,20130201,9:30:24,458.51,100,,Z
AAPL,20130201,9:30:24,458.5,100,,P
AAPL,20130201,9:30:24,458.51,100,,Z
AAPL,20130201,9:30:24,458.51,100,,Z
AAPL,20130201,9:30:24,458.51,100,,Z
AAPL,20130201,9:30:24,458.51,100,,Z
AAPL,20130201,9:30:24,458.51,100,,Z
AAPL,20130201,9:30:24,458.51,100,,Z
AAPL,20130201,9:30:24,458.51,100,,Z
AAPL,20130201,9:30:24,458.51,100,,Z
AAPL,20130201,9:30:24,458.42,100,@F,J
AAPL,20130201,9:30:25,458.5,100,,D
AAPL,20130201,9:30:25,458.5,100,,D
AAPL,20130201,9:30:25,458.45,1000,,D
AAPL,20130201,9:30:25,458.118,200,,D
AAPL,20130201,9:30:25,458.35,100,,D
AAPL,20130201,9:30:25,458.118,100,,D
AAPL,20130201,9:30:25,458.118,200,,D
AAPL,20130201,9:30:25,458.118,200,,D
AAPL,20130201,9:30:26,458.44,100,,J
AAPL,20130201,9:30:26,458.45,100,,J
AAPL,20130201,9:30:26,458.47,100,,J
AAPL,20130201,9:30:26,458.4538,100,,D
AAPL,20130201,9:30:27,458.4999,300,,D
AAPL,20130201,9:30:27,458.4999,900,,D
AAPL,20130201,9:30:27,458.43,600,,Z
AAPL,20130201,9:30:27,458.43,393,,Z
AAPL,20130201,9:30:27,458.43,200,,Z
AAPL,20130201,9:30:27,458.36,400,,D
AAPL,20130201,9:30:27,458.36,400,,D
AAPL,20130201,9:30:27,458.32,100,,D
AAPL,20130201,9:30:27,458.36,182,,D
AAPL,20130201,9:30:27,458.33,100,,D
AAPL,20130201,9:30:27,458.31,100,,D
AAPL,20130201,9:30:27,458.32,100,,D
AAPL,20130201,9:30:27,458.33,100,,D
AAPL,20130201,9:30:28,458.36,400,,D
AAPL,20130201,9:30:28,458.36,400,,D
AAPL,20130201,9:30:28,458.33,100,,D
AAPL,20130201,9:30:28,458.38,100,,D
AAPL,20130201,9:30:28,458.31,100,,D
AAPL,20130201,9:30:28,458.49,100,,D
AAPL,20130201,9:30:28,458.33,100,,D
AAPL,20130201,9:30:28,458.35,100,,D
AAPL,20130201,9:30:28,458.33,100,,D
AAPL,20130201,9:30:29,458.36,100,@F,Q
AAPL,20130201,9:30:29,458.33,100,@F,K
AAPL,20130201,9:30:29,458.34,100,,Z
AAPL,20130201,9:30:29,458.44,100,@F,Y
AAPL,20130201,9:30:29,458.446,100,,D
AAPL,20130201,9:30:30,458.3201,100,,D
AAPL,20130201,9:30:30,458.32,100,,D
AAPL,20130201,9:30:30,458.32,100,,Q
AAPL,20130201,9:30:30,458.28,180,@F,Z
AAPL,20130201,9:30:30,458.3675,100,,D
AAPL,20130201,9:30:31,458.33,100,,D
AAPL,20130201,9:30:31,458.405,100,,D
AAPL,20130201,9:30:31,458.405,100,,D
AAPL,20130201,9:30:31,458.405,100,,D
AAPL,20130201,9:30:31,458.42,100,,D
AAPL,20130201,9:30:31,458.34,100,@F,K
AAPL,20130201,9:30:31,458.34,200,@F,K
AAPL,20130201,9:30:31,458.34,100,@F,K
AAPL,20130201,9:30:31,458.364,100,,D
AAPL,20130201,9:30:31,458.29,100,@F,Z
AAPL,20130201,9:30:31,458.29,100,@F,Z
AAPL,20130201,9:30:31,458.28,100,@F,Z
AAPL,20130201,9:30:31,458.28,120,,Z
AAPL,20130201,9:30:31,458.28,100,,Z
AAPL,20130201,9:30:31,458.29,100,@F,P
AAPL,20130201,9:30:31,458.35,400,,D
AAPL,20130201,9:30:31,458.28,100,@F,D
AAPL,20130201,9:30:32,458.42,100,,D
AAPL,20130201,9:30:32,458.4,100,,Y
AAPL,20130201,9:30:32,458.298,100,,D
AAPL,20130201,9:30:32,458.2501,100,,D
AAPL,20130201,9:30:33,458.37,600,,D
AAPL,20130201,9:30:33,458.42,100,,D
AAPL,20130201,9:30:33,458.43,150,,D
AAPL,20130201,9:30:34,458.33,100,,P
AAPL,20130201,9:30:35,458.43,100,@F,Q
AAPL,20130201,9:30:35,458.43,100,@F,Z
AAPL,20130201,9:30:35,458.47,100,@F,Q
AAPL,20130201,9:30:35,458.48,100,@F,Q
AAPL,20130201,9:30:35,458.49,100,@F,Q
AAPL,20130201,9:30:35,458.49,100,@F,Q
AAPL,20130201,9:30:35,458.48,100,@F,B
AAPL,20130201,9:30:35,458.49,100,@F,B
AAPL,20130201,9:30:35,458.49,200,@F,B
AAPL,20130201,9:30:35,458.49,100,@F,B
AAPL,20130201,9:30:35,458.49,200,@F,Q
AAPL,20130201,9:30:35,458.49,198,@F,Q
AAPL,20130201,9:30:35,458.49,172,,Q
AAPL,20130201,9:30:35,458.49,100,@F,Y
AAPL,20130201,9:30:35,458.49,299,@F,Y
AAPL,20130201,9:30:35,458.49,300,@F,J
AAPL,20130201,9:30:35,458.49,201,@F,W
AAPL,20130201,9:30:35,458.5,100,@F,Q
AAPL,20130201,9:30:35,458.5,500,@F,P
AAPL,20130201,9:30:35,458.5,100,@F,K
AAPL,20130201,9:30:35,458.51,100,@F,P
AAPL,20130201,9:30:35,458.63,100,@F,Y
AAPL,20130201,9:30:35,458.8,100,,D
AAPL,20130201,9:30:35,458.81,200,,Q
AAPL,20130201,9:30:35,458.83,100,,Q
AAPL,20130201,9:30:35,458.84,100,,Z
AAPL,20130201,9:30:35,458.82,100,,K
AAPL,20130201,9:30:35,458.83,200,,Q
AAPL,20130201,9:30:35,458.85,100,,Q
AAPL,20130201,9:30:35,458.85,100,,K
AAPL,20130201,9:30:36,458.89,100,,Q
AAPL,20130201,9:30:36,458.9,100,,Q
AAPL,20130201,9:30:36,458.9,200,,Q
AAPL,20130201,9:30:36,458.91,200,,Q
AAPL,20130201,9:30:36,458.91,200,,D
AAPL,20130201,9:30:36,458.95,100,,Z
AAPL,20130201,9:30:36,458.95,100,,Z
AAPL,20130201,9:30:36,459.06,100,,Z
AAPL,20130201,9:30:36,459.07,100,,Z
AAPL,20130201,9:30:36,459.07,200,,Y
AAPL,20130201,9:30:36,459.05,100,,D
AAPL,20130201,9:30:36,459.05,100,,D
AAPL,20130201,9:30:36,459.1,100,,D
AAPL,20130201,9:30:36,459.1,100,,D
AAPL,20130201,9:30:36,459.1,100,,D
AAPL,20130201,9:30:36,458.85,100,,D
AAPL,20130201,9:30:36,459.09,100,,K
AAPL,20130201,9:30:36,459.1,100,,K
AAPL,20130201,9:30:36,459.1,200,,K
AAPL,20130201,9:30:36,459.14,100,,D
AAPL,20130201,9:30:36,459.17,100,,D
AAPL,20130201,9:30:36,459.075,100,,D
AAPL,20130201,9:30:36,458.98,400,,D
AAPL,20130201,9:30:36,459.12,100,,D
AAPL,20130201,9:30:36,459.164,200,,D
AAPL,20130201,9:30:37,459.08,100,@F,Y
AAPL,20130201,9:30:37,459.06,100,@F,Y
AAPL,20130201,9:30:37,459.01,100,@F,Y
AAPL,20130201,9:30:37,459.01,200,@F,Y
AAPL,20130201,9:30:37,458.99,150,,Y
AAPL,20130201,9:30:37,459.14,100,@F,Q
AAPL,20130201,9:30:37,459.14,100,,D
AAPL,20130201,9:30:37,458.845,100,,D
AAPL,20130201,9:30:37,459.14,100,,D
AAPL,20130201,9:30:37,458.66,200,,D
AAPL,20130201,9:30:37,458.327,148,,D
AAPL,20130201,9:30:38,458.95,100,@F,Q
AAPL,20130201,9:30:38,458.95,100,@F,Q
AAPL,20130201,9:30:38,458.95,100,@F,Q
AAPL,20130201,9:30:38,458.94,101,@F,Q
AAPL,20130201,9:30:38,458.94,199,@F,Q
AAPL,20130201,9:30:38,458.93,100,@F,Q
AAPL,20130201,9:30:38,458.84,100,@F,P
AAPL,20130201,9:30:39,459.059,300,,D
AAPL,20130201,9:30:39,459.0272,200,,D
AAPL,20130201,9:30:39,459.0272,200,,D
AAPL,20130201,9:30:39,459.059,300,,D
AAPL,20130201,9:30:39,459,100,,D
AAPL,20130201,9:30:39,458.9,100,@F,K
AAPL,20130201,9:30:40,458.772,500,,D
AAPL,20130201,9:30:40,458.88,200,@F,P
AAPL,20130201,9:30:41,458.77,100,,P
AAPL,20130201,9:30:41,458.75,100,,P
AAPL,20130201,9:30:42,458.75,100,,D
AAPL,20130201,9:30:42,458.73,100,@F,Y
AAPL,20130201,9:30:42,458.73,100,@F,Y
AAPL,20130201,9:30:42,458.72,100,@F,Y
AAPL,20130201,9:30:42,458.72,100,@F,P
AAPL,20130201,9:30:42,458.75,100,,D
AAPL,20130201,9:30:42,458.75,100,@F,C
AAPL,20130201,9:30:42,458.72,100,@F,P
AAPL,20130201,9:30:42,458.61,100,@F,P
AAPL,20130201,9:30:42,458.59,200,@F,P
AAPL,20130201,9:30:42,458.65,100,,D
AAPL,20130201,9:30:42,458.595,100,,D
AAPL,20130201,9:30:42,458.75,100,@F,C
AAPL,20130201,9:30:43,458.72,100,@F,Q
AAPL,20130201,9:30:43,458.72,100,@F,Q
AAPL,20130201,9:30:43,458.72,100,@F,Q
AAPL,20130201,9:30:43,458.73,100,@F,Q
AAPL,20130201,9:30:43,458.72,100,@F,Y
AAPL,20130201,9:30:43,458.75,100,,D
AAPL,20130201,9:30:43,458.75,300,,D
AAPL,20130201,9:30:46,458.561,1100,,D
AAPL,20130201,9:30:46,458.57,100,,D
AAPL,20130201,9:30:46,458.56,200,,D
AAPL,20130201,9:30:46,458.561,1300,,D
AAPL,20130201,9:30:46,458.561,400,,D
AAPL,20130201,9:30:46,458.561,400,,D
AAPL,20130201,9:30:46,458.561,400,,D
AAPL,20130201,9:30:46,458.561,500,,D
AAPL,20130201,9:30:46,458.56,100,@F,C
AAPL,20130201,9:30:46,458.62,100,,K
AAPL,20130201,9:30:46,458.73,100,,D
AAPL,20130201,9:30:46,458.56,5500,,D
AAPL,20130201,9:30:46,458.662,100,,D
AAPL,20130201,9:30:47,458.53,100,@F,Q
AAPL,20130201,9:30:47,458.56,100,@F,P
AAPL,20130201,9:30:47,458.53,100,@F,Q
AAPL,20130201,9:30:47,458.55,100,@F,P
AAPL,20130201,9:30:47,458.55,100,@F,P
AAPL,20130201,9:30:47,458.57,100,,D
AAPL,20130201,9:30:47,458.52,100,,D
AAPL,20130201,9:30:47,458.49,100,@F,P
AAPL,20130201,9:30:47,458.48,100,@F,P
AAPL,20130201,9:30:47,458.61,100,@F,Z
AAPL,20130201,9:30:47,458.62,200,@F,J
AAPL,20130201,9:30:47,458.63,100,@F,Y
AAPL,20130201,9:30:47,458.64,100,@F,Y
AAPL,20130201,9:30:47,458.49,168,,D
AAPL,20130201,9:30:47,458.66,100,@F,Y
AAPL,20130201,9:30:47,458.68,100,@F,Y
AAPL,20130201,9:30:47,458.74,100,@F,Y
AAPL,20130201,9:30:47,458.75,100,,B
AAPL,20130201,9:30:47,458.74,100,@F,Q
AAPL,20130201,9:30:47,458.74,200,@F,Q
AAPL,20130201,9:30:47,458.66,100,@F,P
AAPL,20130201,9:30:47,458.68,100,@F,P
AAPL,20130201,9:30:47,458.66,100,@F,J
AAPL,20130201,9:30:47,458.72,100,@F,Z
AAPL,20130201,9:30:47,458.75,100,@F,Z
AAPL,20130201,9:30:47,458.75,100,@F,Z
AAPL,20130201,9:30:47,458.72,133,@F,K
AAPL,20130201,9:30:47,458.68,100,@F,J
AAPL,20130201,9:30:47,458.75,2300,,D
AAPL,20130201,9:30:47,458.58,100,,B
AAPL,20130201,9:30:47,458.58,100,,B
AAPL,20130201,9:30:47,458.75,100,@F,Q
AAPL,20130201,9:30:47,458.75,200,@F,Q
AAPL,20130201,9:30:47,458.75,100,@F,B
AAPL,20130201,9:30:47,458.58,100,,Y
AAPL,20130201,9:30:47,458.58,100,,Y
AAPL,20130201,9:30:47,458.51,200,,Y
AAPL,20130201,9:30:48,458.56,100,,D
AAPL,20130201,9:30:48,458.48,200,,D
AAPL,20130201,9:30:48,458.56,100,,P
AAPL,20130201,9:30:48,458.55,100,,P
AAPL,20130201,9:30:48,458.5,100,,P
AAPL,20130201,9:30:48,458.5,100,,P
AAPL,20130201,9:30:48,458.48,300,,P
AAPL,20130201,9:30:48,459.33,700,@4,D
AAPL,20130201,9:30:49,458.48,100,,P
AAPL,20130201,9:30:49,458.59,100,,D
AAPL,20130201,9:30:49,458.56,100,,D
AAPL,20130201,9:30:49,458.6,100,@F,D
AAPL,20130201,9:30:49,458.59,600,,D
AAPL,20130201,9:30:49,458.518,149,,D
AAPL,20130201,9:30:50,458.62,100,,B
AAPL,20130201,9:30:50,458.63,300,,B
AAPL,20130201,9:30:50,458.63,100,@F,W
AAPL,20130201,9:30:50,458.63,131,,B
AAPL,20130201,9:30:50,458.63,100,,J
AAPL,20130201,9:30:50,458.72,100,,Y
AAPL,20130201,9:30:50,458.63,267,@F,Y
AAPL,20130201,9:30:50,458.5,100,,Z
AAPL,20130201,9:30:51,458.59,100,,D
AAPL,20130201,9:30:51,458.49,100,,D
AAPL,20130201,9:30:52,459.33,700,@4,D
AAPL,20130201,9:30:52,459.33,900,@4,D
AAPL,20130201,9:30:53,458.614,118,,D
AAPL,20130201,9:30:53,458.5899,315,,D
AAPL,20130201,9:30:53,458.5236,100,,D
AAPL,20130201,9:30:54,458.59,300,,D
AAPL,20130201,9:30:54,458.59,300,,D
AAPL,20130201,9:30:54,458.59,300,,D
AAPL,20130201,9:30:54,458.54,100,,D
AAPL,20130201,9:30:54,458.59,100,@F,Q
AAPL,20130201,9:30:54,458.62,100,@F,Q
AAPL,20130201,9:30:54,458.62,100,@F,Q
AAPL,20130201,9:30:54,458.62,100,@F,Q
AAPL,20130201,9:30:54,458.62,200,,Q
AAPL,20130201,9:30:54,458.62,110,,Q
AAPL,20130201,9:30:54,458.62,344,,Q
AAPL,20130201,9:30:54,458.61,100,@F,K
AAPL,20130201,9:30:54,458.62,100,@F,K
AAPL,20130201,9:30:54,458.62,260,@F,K
AAPL,20130201,9:30:54,458.61,100,@F,Q
AAPL,20130201,9:30:54,458.61,100,,K
AAPL,20130201,9:30:54,458.61,100,@F,D
AAPL,20130201,9:30:54,458.6099,100,,D
AAPL,20130201,9:30:54,458.6101,100,,D
AAPL,20130201,9:30:54,458.62,200,,D
AAPL,20130201,9:30:54,458.62,300,,D
AAPL,20130201,9:30:54,458.62,246,@F,Q
AAPL,20130201,9:30:54,458.62,466,@F,Q
AAPL,20130201,9:30:54,458.61,135,,Q
AAPL,20130201,9:30:54,458.62,246,,K
AAPL,20130201,9:30:54,458.62,180,,Q
AAPL,20130201,9:30:54,458.6199,246,,D
AAPL,20130201,9:30:54,458.62,384,@F,K
AAPL,20130201,9:30:54,458.62,300,@F,K
AAPL,20130201,9:30:54,458.62,299,@F,K
AAPL,20130201,9:30:54,458.62,120,,K
AAPL,20130201,9:30:54,458.62,180,,K
AAPL,20130201,9:30:54,458.6101,100,,D
AAPL,20130201,9:30:55,458.62,100,,D
AAPL,20130201,9:30:55,458.615,124,,P
AAPL,20130201,9:30:55,458.62,300,@F,K
AAPL,20130201,9:30:55,458.62,224,,K
AAPL,20130201,9:30:55,458.62,176,,K
AAPL,20130201,9:30:55,458.6199,224,,D
AAPL,20130201,9:30:55,458.6199,176,,D
AAPL,20130201,9:30:55,458.598,100,,D
AAPL,20130201,9:30:55,458.61,165,@F,Q
AAPL,20130201,9:30:55,458.615,200,@F,Z
AAPL,20130201,9:30:55,458.61,100,,Q
AAPL,20130201,9:30:55,458.61,365,@F,Z
AAPL,20130201,9:30:55,458.61,400,@F,K
AAPL,20130201,9:30:55,458.61,300,@F,K
AAPL,20130201,9:30:55,458.62,100,,B
AAPL,20130201,9:30:55,458.61,100,,K
AAPL,20130201,9:30:55,458.61,100,@F,K
AAPL,20130201,9:30:55,458.62,100,,J
AAPL,20130201,9:30:55,458.61,200,@F,K
AAPL,20130201,9:30:55,458.61,100,,K
AAPL,20130201,9:30:55,458.62,265,@F,K
AAPL,20130201,9:30:55,458.61,190,@F,K
AAPL,20130201,9:30:55,458.6099,100,,D
AAPL,20130201,9:30:55,458.6099,190,,D
AAPL,20130201,9:30:55,458.61,100,,K
AAPL,20130201,9:30:55,458.62,100,@F,K
AAPL,20130201,9:30:55,458.6099,100,,D
AAPL,20130201,9:30:55,458.61,100,@F,K
AAPL,20130201,9:30:55,458.6099,100,,D
AAPL,20130201,9:30:55,458.61,100,,K
AAPL,20130201,9:30:55,458.62,100,@F,K
AAPL,20130201,9:30:55,458.61,100,@F,K
AAPL,20130201,9:30:55,458.6099,100,,D
AAPL,20130201,9:30:55,458.6099,100,,D
AAPL,20130201,9:30:55,458.62,100,,K
AAPL,20130201,9:30:55,458.6199,100,,D
AAPL,20130201,9:30:55,458.63,125,,J
AAPL,20130201,9:30:55,458.62,100,@F,K
AAPL,20130201,9:30:55,458.6199,100,,D
AAPL,20130201,9:30:55,458.625,400,,D
AAPL,20130201,9:30:55,458.6289,604,,D
AAPL,20130201,9:30:55,458.62,300,@F,D
AAPL,20130201,9:30:55,458.619,100,,D
AAPL,20130201,9:30:55,458.615,200,,D
AAPL,20130201,9:30:55,458.615,300,,D
AAPL,20130201,9:30:55,458.615,100,,D
AAPL,20130201,9:30:56,458.6,100,@F,Q
AAPL,20130201,9:30:56,458.598,100,,D
AAPL,20130201,9:30:56,458.52,100,,D
AAPL,20130201,9:30:56,458.6299,100,,D
AAPL,20130201,9:30:57,458.53,100,@F,K
AAPL,20130201,9:30:57,458.53,100,@F,Q
AAPL,20130201,9:30:57,458.55,161,@F,B
AAPL,20130201,9:30:57,458.55,100,@F,B
AAPL,20130201,9:30:57,458.52,200,@F,B
AAPL,20130201,9:30:57,458.53,100,@F,Q
AAPL,20130201,9:30:57,458.52,100,@F,K
AAPL,20130201,9:30:57,458.52,100,@F,Q
AAPL,20130201,9:30:57,458.615,300,,D
AAPL,20130201,9:30:57,458.6,110,@F,Q
AAPL,20130201,9:30:58,458.53,100,,B
AAPL,20130201,9:30:58,458.51,100,,B
AAPL,20130201,9:30:58,458.51,100,,B
AAPL,20130201,9:30:59,458.5,100,,D
AAPL,20130201,9:30:59,458.508,100,,D
AAPL,20130201,9:31:00,458.585,100,,D
AAPL,20130201,9:31:00,458.585,100,,D
AAPL,20130201,9:31:00,458.585,100,,D
AAPL,20130201,9:31:00,458.55,100,,Q
AAPL,20130201,9:31:00,458.61,100,@F,Z
AAPL,20130201,9:31:00,458.62,100,@F,Z
AAPL,20130201,9:31:00,458.55,100,,Q
AAPL,20130201,9:31:00,458.55,100,,Q
AAPL,20130201,9:31:00,458.63,100,@F,P
AAPL,20130201,9:31:00,458.6,100,@F,B
AAPL,20130201,9:31:00,458.63,245,@F,B
AAPL,20130201,9:31:00,458.63,110,@F,B
AAPL,20130201,9:31:00,458.63,110,@F,B
AAPL,20130201,9:31:00,458.55,100,,D
AAPL,20130201,9:31:00,458.56,100,@F,P
AAPL,20130201,9:31:00,458.63,175,@F,J
AAPL,20130201,9:31:00,458.63,100,@F,J
AAPL,20130201,9:31:00,458.6,100,@F,Z
AAPL,20130201,9:31:00,458.58,100,@F,Z
AAPL,20130201,9:31:00,458.58,100,@F,Z
AAPL,20130201,9:31:00,458.57,100,@F,Z
AAPL,20130201,9:31:00,458.57,100,@F,Z
AAPL,20130201,9:31:00,458.63,100,@F,W
AAPL,20130201,9:31:00,458.61,100,,Z
AAPL,20130201,9:31:00,458.62,100,@F,Z
AAPL,20130201,9:31:00,458.55,100,,Q
AAPL,20130201,9:31:00,458.57,100,@F,K
AAPL,20130201,9:31:00,458.55,100,,Q
AAPL,20130201,9:31:00,458.54,100,@F,Q
AAPL,20130201,9:31:00,458.54,220,@F,P
AAPL,20130201,9:31:00,458.54,100,,K
AAPL,20130201,9:31:00,458.53,147,,B
AAPL,20130201,9:31:00,458.585,100,,D
AAPL,20130201,9:31:00,458.53,100,,D
AAPL,20130201,9:31:00,458.5,200,@F,D
AAPL,20130201,9:31:00,458.5,200,@F,D
AAPL,20130201,9:31:00,458.51,100,@F,B
AAPL,20130201,9:31:00,458.5,200,@F,B
AAPL,20130201,9:31:00,458.5,100,,Q
AAPL,20130201,9:31:00,458.49,100,@F,Y
AAPL,20130201,9:31:00,458.5,264,@F,D
AAPL,20130201,9:31:00,458.49,100,@F,Q
AAPL,20130201,9:31:00,458.47,100,@F,Z
AAPL,20130201,9:31:00,458.44,100,@F,Q
AAPL,20130201,9:31:00,458.44,100,@F,Z
AAPL,20130201,9:31:00,458.39,100,@F,Z
AAPL,20130201,9:31:00,458.37,100,@F,Z
AAPL,20130201,9:31:00,458.48,100,@F,K
AAPL,20130201,9:31:00,458.45,100,@F,K
AAPL,20130201,9:31:00,458.45,100,@F,K
AAPL,20130201,9:31:00,458.38,100,@F,K
AAPL,20130201,9:31:00,458.38,100,@F,K
AAPL,20130201,9:31:00,458.32,100,,K
AAPL,20130201,9:31:00,458.32,900,,K
AAPL,20130201,9:31:00,458.28,100,,K
AAPL,20130201,9:31:00,458.38,100,@F,Q
AAPL,20130201,9:31:00,458.38,100,@F,Q
AAPL,20130201,9:31:01,458.39,125,,D
AAPL,20130201,9:31:01,458.37,200,,J
AAPL,20130201,9:31:01,458.39,100,,J
AAPL,20130201,9:31:01,458.25,100,,P
AAPL,20130201,9:31:01,458.37,100,,Y
AAPL,20130201,9:31:01,458.37,100,@F,Q
AAPL,20130201,9:31:01,458.32,100,@F,Z
AAPL,20130201,9:31:01,458.37,100,@F,Z
AAPL,20130201,9:31:01,458.39,300,,Z
AAPL,20130201,9:31:01,458.39,100,,Z
AAPL,20130201,9:31:02,458.36,100,,J
AAPL,20130201,9:31:02,458.27,100,,B
AAPL,20130201,9:31:02,458.3799,100,,D
AAPL,20130201,9:31:02,458.38,100,,D
AAPL,20130201,9:31:02,458.3799,100,,D
AAPL,20130201,9:31:02,458.38,100,,D
AAPL,20130201,9:31:02,458.3719,100,,D
AAPL,20130201,9:31:02,458.372,100,,D
AAPL,20130201,9:31:03,458.36,100,,J
AAPL,20130201,9:31:04,458.26,100,,Q
AAPL,20130201,9:31:04,458.27,100,,Z
AAPL,20130201,9:31:04,458.3,100,@F,B
AAPL,20130201,9:31:04,458.27,100,@F,Z
AAPL,20130201,9:31:04,458.27,100,@F,P
AAPL,20130201,9:31:04,458.26,100,,P
AAPL,20130201,9:31:04,458.21,280,@F,Q
AAPL,20130201,9:31:04,458.21,100,@F,Z
AAPL,20130201,9:31:04,458.21,100,@F,P
AAPL,20130201,9:31:04,458.21,120,@F,Q
AAPL,20130201,9:31:04,458.19,359,,Q
AAPL,20130201,9:31:04,458.18,100,@F,Q
AAPL,20130201,9:31:04,458.18,235,@F,K
AAPL,20130201,9:31:04,458.18,200,@F,K
AAPL,20130201,9:31:04,458.28,100,,J
AAPL,20130201,9:31:04,458.284,500,,D
AAPL,20130201,9:31:05,458.15,284,,D
AAPL,20130201,9:31:05,458.15,100,,D
AAPL,20130201,9:31:05,458.17,200,,J
AAPL,20130201,9:31:05,458.16,100,,J
AAPL,20130201,9:31:05,458.15,100,@F,D
AAPL,20130201,9:31:05,458.15,100,,D
AAPL,20130201,9:31:05,458.3199,100,,D
AAPL,20130201,9:31:05,458.16,100,,Z
AAPL,20130201,9:31:05,458.15,100,,Z
AAPL,20130201,9:31:05,458.15,100,,K
AAPL,20130201,9:31:05,458.15,100,@F,Z
AAPL,20130201,9:31:05,458.15,100,@F,K
AAPL,20130201,9:31:05,458.15,100,,K
AAPL,20130201,9:31:05,458.26,100,,K
AAPL,20130201,9:31:05,458.15,100,,Z
AAPL,20130201,9:31:05,458.15,400,,Z
AAPL,20130201,9:31:05,458.15,100,,Z
AAPL,20130201,9:31:05,458.12,152,,Z
AAPL,20130201,9:31:05,458.18,100,,P
AAPL,20130201,9:31:06,458.26,250,,D
AAPL,20130201,9:31:07,458.23,400,,D
AAPL,20130201,9:31:08,458.0702,952,,D
AAPL,20130201,9:31:08,458.08,100,@F,Q
AAPL,20130201,9:31:08,458.07,100,@F,Q
AAPL,20130201,9:31:08,458.08,100,,D
AAPL,20130201,9:31:08,458.1,100,@F,P
AAPL,20130201,9:31:08,458.07,100,@F,P
AAPL,20130201,9:31:08,458.08,100,@F,K
AAPL,20130201,9:31:08,458.08,200,@F,K
AAPL,20130201,9:31:08,458.07,100,@F,K
AAPL,20130201,9:31:08,458.09,100,,D
AAPL,20130201,9:31:08,458.05,100,@F,K
AAPL,20130201,9:31:08,458.08,200,,D
AAPL,20130201,9:31:08,458.04,200,@F,Q
AAPL,20130201,9:31:08,458.02,100,@F,Q
AAPL,20130201,9:31:08,458.01,100,,D
AAPL,20130201,9:31:08,458.01,100,@F,Z
AAPL,20130201,9:31:08,458.01,100,,Q
AAPL,20130201,9:31:08,458,202,,Q
AAPL,20130201,9:31:08,458,298,,Q
AAPL,20130201,9:31:08,458,100,,Q
AAPL,20130201,9:31:08,458,100,@F,Q
AAPL,20130201,9:31:08,458,200,@F,Q
AAPL,20130201,9:31:08,458,100,@F,P
AAPL,20130201,9:31:08,458,150,@F,P
AAPL,20130201,9:31:08,458,650,@F,P
AAPL,20130201,9:31:08,458,184,@F,Q
AAPL,20130201,9:31:08,458.01,100,@F,K
AAPL,20130201,9:31:08,458,200,,Q
AAPL,20130201,9:31:08,458,256,@F,Q
AAPL,20130201,9:31:08,458,100,@F,Q
AAPL,20130201,9:31:08,457.98,100,@F,Z
AAPL,20130201,9:31:08,458,100,@F,D
AAPL,20130201,9:31:08,457.98,100,@F,Q
AAPL,20130201,9:31:08,458,100,@F,K
AAPL,20130201,9:31:08,458,300,@F,K
AAPL,20130201,9:31:08,458,200,@F,K
AAPL,20130201,9:31:08,458,199,@F,K
AAPL,20130201,9:31:08,458,235,,K
AAPL,20130201,9:31:08,458,172,,K
AAPL,20130201,9:31:08,457.88,100,,D
AAPL,20130201,9:31:08,457.86,100,@F,D
AAPL,20130201,9:31:08,458.04,100,@F,P
AAPL,20130201,9:31:08,457.8,100,@F,Q
AAPL,20130201,9:31:08,458,100,,D
AAPL,20130201,9:31:08,457.8,100,,Q
AAPL,20130201,9:31:08,457.88,100,,D
AAPL,20130201,9:31:08,458,500,,D
AAPL,20130201,9:31:09,457.86,100,,D
AAPL,20130201,9:31:09,457.8,200,@F,Q
AAPL,20130201,9:31:09,457.87,180,@F,P
AAPL,20130201,9:31:09,457.9,200,@F,K
AAPL,20130201,9:31:09,457.91,200,@F,K
AAPL,20130201,9:31:09,457.9,100,@F,K
AAPL,20130201,9:31:09,457.91,500,@F,K
AAPL,20130201,9:31:09,457.91,600,@F,K
AAPL,20130201,9:31:09,457.822,900,,D
AAPL,20130201,9:31:09,457.8202,175,,D
AAPL,20130201,9:31:09,457.88,100,,B
AAPL,20130201,9:31:09,457.86,100,,B
AAPL,20130201,9:31:09,457.86,100,,B
AAPL,20130201,9:31:09,458.03,1300,@,D
AAPL,20130201,9:31:09,458.01,100,,D
AAPL,20130201,9:31:09,458.1299,200,,D
AAPL,20130201,9:31:09,457.86,100,,D
AAPL,20130201,9:31:09,457.86,100,,J
AAPL,20130201,9:31:09,457.84,100,,J
AAPL,20130201,9:31:10,458.09,100,,Y
AAPL,20130201,9:31:10,458.11,200,,Y
AAPL,20130201,9:31:10,457.85,100,,D
AAPL,20130201,9:31:10,457.86,200,,J
AAPL,20130201,9:31:10,457.85,100,,J
AAPL,20130201,9:31:10,457.84,100,,J
AAPL,20130201,9:31:10,457.82,100,@F,D
AAPL,20130201,9:31:10,457.83,100,@F,P
AAPL,20130201,9:31:11,457.83,100,@F,Y
AAPL,20130201,9:31:11,457.83,200,@F,P
AAPL,20130201,9:31:11,457.83,200,@F,P
AAPL,20130201,9:31:11,457.83,100,@F,P
AAPL,20130201,9:31:11,457.82,200,,D
AAPL,20130201,9:31:11,457.82,500,,D
AAPL,20130201,9:31:11,458.01,300,@F,Q
AAPL,20130201,9:31:11,458.02,100,@F,Q
AAPL,20130201,9:31:11,458.03,100,@F,Q
AAPL,20130201,9:31:13,457.98,400,,D
AAPL,20130201,9:31:13,458.004,100,,D
AAPL,20130201,9:31:13,458.1099,490,,D
AAPL,20130201,9:31:13,458.052,100,,D
AAPL,20130201,9:31:14,457.87,600,,D
AAPL,20130201,9:31:14,457.8202,1000,,D
AAPL,20130201,9:31:15,457.86,400,,D
AAPL,20130201,9:31:15,458.0998,100,,D
AAPL,20130201,9:31:15,458,100,@F,Q
AAPL,20130201,9:31:15,458,173,@F,Q
AAPL,20130201,9:31:15,458.0999,200,,D
AAPL,20130201,9:31:16,457.87,100,,Z
AAPL,20130201,9:31:16,457.87,100,,Z
AAPL,20130201,9:31:16,457.85,100,@F,P
AAPL,20130201,9:31:16,457.84,100,@F,Q
AAPL,20130201,9:31:16,457.85,200,,D
AAPL,20130201,9:31:16,457.82,100,@F,P
AAPL,20130201,9:31:16,457.75,100,,D
AAPL,20130201,9:31:16,457.75,300,,D
AAPL,20130201,9:31:16,457.72,100,@F,Q
AAPL,20130201,9:31:16,457.71,725,@F,Q
AAPL,20130201,9:31:16,457.74,100,,D
AAPL,20130201,9:31:16,457.68,100,@F,P
AAPL,20130201,9:31:16,457.63,100,@F,P
AAPL,20130201,9:31:16,457.6,744,@F,P
AAPL,20130201,9:31:16,457.64,100,@F,Q
AAPL,20130201,9:31:16,457.6,100,,Q
AAPL,20130201,9:31:16,457.6,100,@F,P
AAPL,20130201,9:31:16,457.62,100,,D
AAPL,20130201,9:31:16,457.8,100,@F,K
AAPL,20130201,9:31:17,457.83,100,@F,Z
AAPL,20130201,9:31:17,457.8301,100,,D
AAPL,20130201,9:31:17,457.8301,100,,D
AAPL,20130201,9:31:17,457.83,100,@F,K
AAPL,20130201,9:31:17,457.83,100,,K
AAPL,20130201,9:31:17,457.73,400,,D
AAPL,20130201,9:31:17,457.74,100,,P
AAPL,20130201,9:31:17,457.6,213,,P
AAPL,20130201,9:31:18,457.55,119,@F,Q
AAPL,20130201,9:31:18,457.51,100,,D
AAPL,20130201,9:31:18,457.51,200,,D
AAPL,20130201,9:31:18,457.51,314,@F,K
AAPL,20130201,9:31:18,457.51,600,,K
AAPL,20130201,9:31:18,457.51,100,,D
AAPL,20130201,9:31:18,457.5,100,,D
AAPL,20130201,9:31:18,457.58,135,@F,P
AAPL,20130201,9:31:18,457.54,100,@F,B
AAPL,20130201,9:31:18,457.5141,100,,D
AAPL,20130201,9:31:18,457.73,100,@F,D
AAPL,20130201,9:31:18,457.73,100,@F,D
AAPL,20130201,9:31:18,457.74,100,@F,Y
AAPL,20130201,9:31:18,457.76,300,@F,Y
AAPL,20130201,9:31:18,457.77,200,@F,Y
AAPL,20130201,9:31:18,457.58,100,@F,B
AAPL,20130201,9:31:19,457.78,115,,B
AAPL,20130201,9:31:19,457.55,100,@F,B
AAPL,20130201,9:31:19,457.55,100,@F,B
AAPL,20130201,9:31:19,457.61,100,@F,B
AAPL,20130201,9:31:19,457.558,100,@F,D
AAPL,20130201,9:31:20,457.6601,300,,D
AAPL,20130201,9:31:20,457.71,100,,D
AAPL,20130201,9:31:20,457.51,300,,D
AAPL,20130201,9:31:21,457.67,100,,Q
AAPL,20130201,9:31:21,457.782,250,,D
AAPL,20130201,9:31:22,457.79,200,,D
AAPL,20130201,9:31:22,457.74,100,@F,Z
AAPL,20130201,9:31:22,457.67,115,@F,Q
AAPL,20130201,9:31:22,457.67,100,,Q
AAPL,20130201,9:31:22,457.67,315,@F,Q
AAPL,20130201,9:31:22,457.66,100,@F,P
AAPL,20130201,9:31:22,457.67,100,@F,P
AAPL,20130201,9:31:22,457.68,300,,Q
AAPL,20130201,9:31:22,457.69,130,,Q
AAPL,20130201,9:31:22,457.69,470,,Q
AAPL,20130201,9:31:22,457.74,100,@F,Q
AAPL,20130201,9:31:22,457.8298,300,,D
AAPL,20130201,9:31:24,457.58,1300,@,D
AAPL,20130201,9:31:25,457.57,100,,D
AAPL,20130201,9:31:25,457.61,100,@F,P
AAPL,20130201,9:31:25,457.61,500,@F,P
AAPL,20130201,9:31:26,457.7298,100,,D
AAPL,20130201,9:31:26,457.67,100,,B
AAPL,20130201,9:31:26,457.7,200,,B
AAPL,20130201,9:31:26,457.7,200,,B
AAPL,20130201,9:31:26,457.71,100,,B
AAPL,20130201,9:31:26,457.72,100,,B
AAPL,20130201,9:31:26,457.7,199,@F,Q
AAPL,20130201,9:31:26,457.71,100,,B
AAPL,20130201,9:31:26,457.728,100,,D
AAPL,20130201,9:31:27,457.6,100,,P
AAPL,20130201,9:31:27,457.59,100,,P
AAPL,20130201,9:31:27,457.54,100,,P
AAPL,20130201,9:31:27,457.52,100,,P
AAPL,20130201,9:31:27,457.52,100,,P
AAPL,20130201,9:31:27,457.53,100,,P
AAPL,20130201,9:31:27,457.52,100,,P
AAPL,20130201,9:31:27,457.52,100,,P
AAPL,20130201,9:31:27,457.5,141,,P
AAPL,20130201,9:31:28,457.52,100,,D
AAPL,20130201,9:31:28,457.57,100,@F,B
AAPL,20130201,9:31:28,457.55,300,@F,Q
AAPL,20130201,9:31:28,457.54,200,@F,Q
AAPL,20130201,9:31:28,457.5,100,@F,D
AAPL,20130201,9:31:28,457.5001,2250,,D
AAPL,20130201,9:31:29,457.7199,1000,,D
AAPL,20130201,9:31:29,457.6,100,,D
AAPL,20130201,9:31:29,457.6,100,,D
AAPL,20130201,9:31:29,457.6,100,@F,P
AAPL,20130201,9:31:29,457.67,100,,D
AAPL,20130201,9:31:29,457.6,560,@F,P
AAPL,20130201,9:31:29,457.6,100,@F,P
AAPL,20130201,9:31:29,457.54,800,@F,Q
AAPL,20130201,9:31:29,457.51,100,@F,Q
AAPL,20130201,9:31:29,457.51,100,@F,Q
AAPL,20130201,9:31:29,457.5,250,@F,Q
AAPL,20130201,9:31:30,457.5,303,@F,P
AAPL,20130201,9:31:30,457.5,154,@F,Q
AAPL,20130201,9:31:30,457.5,101,@F,Q
AAPL,20130201,9:31:30,457.5,175,@F,K
AAPL,20130201,9:31:30,457.5,200,@F,K
AAPL,20130201,9:31:30,457.5,132,@F,Q
AAPL,20130201,9:31:30,457.6699,100,,D
AAPL,20130201,9:31:30,457.55,100,@F,P
AAPL,20130201,9:31:30,457.55,100,@F,P
AAPL,20130201,9:31:30,457.51,100,@F,P
AAPL,20130201,9:31:30,457.58,100,@F,Q
AAPL,20130201,9:31:30,457.6499,300,,D
AAPL,20130201,9:31:31,457.51,200,,D
AAPL,20130201,9:31:31,457.5,100,,D
AAPL,20130201,9:31:31,457.52,100,,Y
AAPL,20130201,9:31:31,457.5,100,,D
AAPL,20130201,9:31:31,457.5,100,,D
AAPL,20130201,9:31:31,457.5,100,,D
AAPL,20130201,9:31:31,457.5,200,,K
AAPL,20130201,9:31:31,457.5,100,,D
AAPL,20130201,9:31:31,457.6,100,@F,K
AAPL,20130201,9:31:31,457.5,100,,D
AAPL,20130201,9:31:31,457.5,100,@F,P
AAPL,20130201,9:31:31,457.52,160,@F,P
AAPL,20130201,9:31:31,457.52,160,@F,P
AAPL,20130201,9:31:31,457.52,260,,P
AAPL,20130201,9:31:31,457.48,200,@F,K
AAPL,20130201,9:31:31,457.392,100,,D
AAPL,20130201,9:31:31,457.396,100,,D
AAPL,20130201,9:31:32,457.41,100,@F,Z
AAPL,20130201,9:31:32,457.39,100,@F,Z
AAPL,20130201,9:31:32,457.39,100,@F,Z
AAPL,20130201,9:31:32,457.38,100,@F,P
AAPL,20130201,9:31:32,457.39,100,@F,K
AAPL,20130201,9:31:32,457.37,100,@F,P
AAPL,20130201,9:31:32,457.35,100,@F,P
AAPL,20130201,9:31:32,457.37,100,@F,K
AAPL,20130201,9:31:32,457.35,100,@F,K
AAPL,20130201,9:31:32,457.331,100,,D
AAPL,20130201,9:31:33,457.47,300,,D
AAPL,20130201,9:31:33,457.514,240,,D
AAPL,20130201,9:31:34,457.45,120,@F,P
AAPL,20130201,9:31:34,457.45,100,,D
AAPL,20130201,9:31:34,457.47,100,,P
AAPL,20130201,9:31:34,457.49,100,,P
AAPL,20130201,9:31:34,457.5,120,,P
AAPL,20130201,9:31:34,457.48,100,@F,K
AAPL,20130201,9:31:34,457.42,200,,D
AAPL,20130201,9:31:34,457.48,100,,D
AAPL,20130201,9:31:34,457.36,100,,P
AAPL,20130201,9:31:34,457.36,100,,P
AAPL,20130201,9:31:34,457.5,100,,D
AAPL,20130201,9:31:34,457.336,500,,D
AAPL,20130201,9:31:35,457.368,800,,D
AAPL,20130201,9:31:35,457.45,100,@F,B
AAPL,20130201,9:31:35,457.5,100,@F,Q
AAPL,20130201,9:31:35,457.5,100,@F,Q
AAPL,20130201,9:31:35,457.51,100,@F,Q
AAPL,20130201,9:31:35,457.5,100,@F,Y
AAPL,20130201,9:31:35,457.51,100,@F,Y
AAPL,20130201,9:31:35,457.48,100,@F,K
AAPL,20130201,9:31:35,457.49,100,@F,K
AAPL,20130201,9:31:35,457.5,100,@F,K
AAPL,20130201,9:31:35,457.61,100,,K
AAPL,20130201,9:31:36,457.53,300,,D
AAPL,20130201,9:31:36,457.6,100,,B
AAPL,20130201,9:31:36,457.63,200,,B
AAPL,20130201,9:31:36,457.66,100,@F,Y
AAPL,20130201,9:31:36,457.67,200,@F,W
AAPL,20130201,9:31:36,457.6699,100,,D
AAPL,20130201,9:31:36,457.42,100,,Z
AAPL,20130201,9:31:36,457.42,200,,Z
AAPL,20130201,9:31:36,457.41,100,,Z
AAPL,20130201,9:31:36,457.41,100,,Z
AAPL,20130201,9:31:37,457.466,100,,D
AAPL,20130201,9:31:37,457.4,400,,D
AAPL,20130201,9:31:37,457.35,100,,D
AAPL,20130201,9:31:37,457.466,100,,D
AAPL,20130201,9:31:38,457.6498,200,,D
AAPL,20130201,9:31:38,457.41,100,,D
AAPL,20130201,9:31:39,457.53,100,,Q
AAPL,20130201,9:31:39,457.51,200,@F,P
AAPL,20130201,9:31:40,457.46,100,,D
AAPL,20130201,9:31:40,457.46,100,,D
AAPL,20130201,9:31:40,457.46,300,,Y
AAPL,20130201,9:31:40,457.42,100,,Y
AAPL,20130201,9:31:40,457.602,1000,,D
AAPL,20130201,9:31:41,457.47,100,,D
AAPL,20130201,9:31:41,457.41,100,@F,Z
AAPL,20130201,9:31:41,457.45,1000,@F,P
AAPL,20130201,9:31:41,457.5,100,@F,Q
AAPL,20130201,9:31:41,457.43,300,@F,Q
AAPL,20130201,9:31:41,457.4,400,@F,Q
AAPL,20130201,9:31:41,457.5,100,,Q
AAPL,20130201,9:31:41,457.42,100,@F,P
AAPL,20130201,9:31:41,457.38,100,@F,P
AAPL,20130201,9:31:41,457.4,100,,D
AAPL,20130201,9:31:41,457.36,300,@F,Q
AAPL,20130201,9:31:41,457.36,100,@F,Q
AAPL,20130201,9:31:41,457.35,100,@F,Q
AAPL,20130201,9:31:41,457.35,100,@F,Q
AAPL,20130201,9:31:41,457.35,1000,@F,Q
AAPL,20130201,9:31:41,457.33,100,@F,K
AAPL,20130201,9:31:41,457.325,100,,D
AAPL,20130201,9:31:41,457.5598,100,,D
AAPL,20130201,9:31:42,457.4584,100,,D
AAPL,20130201,9:31:42,457.34,100,,D
AAPL,20130201,9:31:42,457.34,100,,D
AAPL,20130201,9:31:42,457.38,100,,D
AAPL,20130201,9:31:42,457.39,100,,D
AAPL,20130201,9:31:42,457.4,118,@F,K
AAPL,20130201,9:31:42,457.4,182,,K
AAPL,20130201,9:31:42,457.4,118,,K
AAPL,20130201,9:31:42,457.4,100,@F,K
AAPL,20130201,9:31:42,457.34,160,,D
AAPL,20130201,9:31:43,457.3999,100,,D
AAPL,20130201,9:31:43,457.35,100,,D
AAPL,20130201,9:31:43,457.3998,100,,D
AAPL,20130201,9:31:43,457.5,500,,D
AAPL,20130201,9:31:43,457.39,100,,B
AAPL,20130201,9:31:43,457.4,100,,B
AAPL,20130201,9:31:44,457.39,100,@F,K
AAPL,20130201,9:31:44,457.32,100,,D
AAPL,20130201,9:31:44,457.385,600,,D
AAPL,20130201,9:31:44,457.37,100,,D
AAPL,20130201,9:31:44,457.37,100,,D
AAPL,20130201,9:31:44,457.37,100,,D
AAPL,20130201,9:31:44,457.39,193,,J
AAPL,20130201,9:31:44,457.39,100,,B
AAPL,20130201,9:31:44,457.39,100,,B
AAPL,20130201,9:31:45,457.35,600,,D
AAPL,20130201,9:31:45,457.35,100,,D
AAPL,20130201,9:31:46,457.38,100,,B
AAPL,20130201,9:31:46,457.32,100,,Z
AAPL,20130201,9:31:46,457.32,100,,P
AAPL,20130201,9:31:46,457.4,151,,B
AAPL,20130201,9:31:46,457.39,100,,Y
AAPL,20130201,9:31:46,457.39,100,@F,B
AAPL,20130201,9:31:46,457.4,149,@F,B
AAPL,20130201,9:31:46,457.39,100,,Z
AAPL,20130201,9:31:46,457.4,100,@F,B
AAPL,20130201,9:31:46,457.4,100,@F,Y
AAPL,20130201,9:31:46,457.4,200,@F,Y
AAPL,20130201,9:31:46,457.39,100,@F,K
AAPL,20130201,9:31:46,457.4,167,@F,K
AAPL,20130201,9:31:46,457.4,100,@F,K
AAPL,20130201,9:31:46,457.4,100,@F,Z
AAPL,20130201,9:31:46,457.4,100,,J
AAPL,20130201,9:31:46,457.4,100,,J
AAPL,20130201,9:31:46,457.39,100,@F,J
AAPL,20130201,9:31:46,457.4,300,@F,W
AAPL,20130201,9:31:46,457.55,100,,J
AAPL,20130201,9:31:46,457.37,100,,D
AAPL,20130201,9:31:46,457.37,100,,D
AAPL,20130201,9:31:47,457.57,100,,J
AAPL,20130201,9:31:47,457.3102,200,,D
AAPL,20130201,9:31:47,457.3101,100,,D
AAPL,20130201,9:31:47,457.35,100,,D
AAPL,20130201,9:31:47,457.35,100,,D
AAPL,20130201,9:31:48,457.415,100,@F,K
AAPL,20130201,9:31:48,457.48,200,@F,K
AAPL,20130201,9:31:48,457.49,163,,K
AAPL,20130201,9:31:48,457.49,100,,K
AAPL,20130201,9:31:48,457.3601,100,,D
AAPL,20130201,9:31:49,457.57,100,,D
AAPL,20130201,9:31:49,457.57,100,,D
AAPL,20130201,9:31:49,457.57,100,,D
AAPL,20130201,9:31:49,457.57,170,,D
AAPL,20130201,9:31:49,457.55,100,,P
AAPL,20130201,9:31:49,457.57,100,,P
AAPL,20130201,9:31:49,457.57,200,,P
AAPL,20130201,9:31:49,457.56,100,@F,Y
AAPL,20130201,9:31:49,457.57,100,@F,Z
AAPL,20130201,9:31:49,457.54,200,@F,B
AAPL,20130201,9:31:50,457.5,200,,Q
AAPL,20130201,9:31:50,457.5,400,@F,Q
AAPL,20130201,9:31:50,457.5,100,,Q
AAPL,20130201,9:31:50,457.58,100,,Q
AAPL,20130201,9:31:50,457.58,100,,Q
AAPL,20130201,9:31:50,457.58,100,@F,Q
AAPL,20130201,9:31:50,457.6,100,@F,Z
AAPL,20130201,9:31:50,457.61,100,@F,Q
AAPL,20130201,9:31:50,457.6,200,@F,K
AAPL,20130201,9:31:50,457.6,100,@F,K
AAPL,20130201,9:31:50,457.51,100,@F,K
AAPL,20130201,9:31:50,457.5,2500,@F,K
AAPL,20130201,9:31:50,457.54,100,,D
AAPL,20130201,9:31:50,457.6,100,@F,Y
AAPL,20130201,9:31:50,457.461,100,,D
AAPL,20130201,9:31:50,457.61,100,,B
AAPL,20130201,9:31:50,457.572,100,,D
AAPL,20130201,9:31:50,457.572,500,,D
AAPL,20130201,9:31:50,457.58,100,,D
AAPL,20130201,9:31:50,457.57,100,,Y
AAPL,20130201,9:31:50,457.58,100,,Y
AAPL,20130201,9:31:50,457.56,100,,P
AAPL,20130201,9:31:50,457.58,175,@F,P
AAPL,20130201,9:31:50,457.58,100,,K
AAPL,20130201,9:31:50,457.66,100,@F,P
AAPL,20130201,9:31:50,457.5,500,,Q
AAPL,20130201,9:31:50,457.5,200,@F,Q
AAPL,20130201,9:31:50,457.67,100,@F,C
AAPL,20130201,9:31:50,457.6999,100,,D
AAPL,20130201,9:31:51,457.4402,200,,D
AAPL,20130201,9:31:51,457.456,100,,D
AAPL,20130201,9:31:51,457.7199,200,,D
AAPL,20130201,9:31:51,457.44,100,,D
AAPL,20130201,9:31:51,457.47,100,,Q
AAPL,20130201,9:31:51,457.72,100,@F,W
AAPL,20130201,9:31:51,457.51,100,@F,P
AAPL,20130201,9:31:51,457.5,100,@F,P
AAPL,20130201,9:31:51,457.65,100,,Y
AAPL,20130201,9:31:51,457.68,150,,P
AAPL,20130201,9:31:51,457.5,100,,Q
AAPL,20130201,9:31:51,457.5,100,,Q
AAPL,20130201,9:31:51,457.5,100,,D
AAPL,20130201,9:31:52,457.46,100,,D
AAPL,20130201,9:31:52,457.5,200,@F,Q
AAPL,20130201,9:31:52,457.47,100,,D
AAPL,20130201,9:31:52,457.541,1000,,D
AAPL,20130201,9:31:53,457.5,280,@F,P
AAPL,20130201,9:31:53,457.5,280,@F,P
AAPL,20130201,9:31:53,457.47,100,,D
AAPL,20130201,9:31:53,457.58,100,@F,K
AAPL,20130201,9:31:53,457.5,100,@F,Q
AAPL,20130201,9:31:54,457.48,100,@F,Q
AAPL,20130201,9:31:55,457.54,100,@F,P
AAPL,20130201,9:31:55,457.54,380,@F,P
AAPL,20130201,9:31:55,457.58,100,,D
AAPL,20130201,9:31:56,457.544,1000,,D
AAPL,20130201,9:31:56,457.46,100,,D
AAPL,20130201,9:31:56,457.544,300,,D
AAPL,20130201,9:31:57,457.5,100,@F,K
AAPL,20130201,9:31:57,457.5,840,,K
AAPL,20130201,9:31:57,457.48,100,,D
AAPL,20130201,9:31:57,457.56,100,,D
AAPL,20130201,9:31:57,457.5,100,,D
AAPL,20130201,9:31:57,457.56,100,,D
AAPL,20130201,9:31:57,457.558,100,,D
AAPL,20130201,9:31:57,457.5,100,,Q
AAPL,20130201,9:31:57,457.55,100,,Z
AAPL,20130201,9:31:57,457.54,100,,P
AAPL,20130201,9:31:57,457.55,100,,K
AAPL,20130201,9:31:57,457.5,100,,D
AAPL,20130201,9:31:57,457.5,100,,D
AAPL,20130201,9:31:57,457.5,100,,Q
AAPL,20130201,9:31:57,457.5599,2725,,D
AAPL,20130201,9:31:57,457.55,100,,Z
AAPL,20130201,9:31:57,457.5,100,,D
AAPL,20130201,9:31:57,457.48,100,@F,Q
AAPL,20130201,9:31:57,457.5164,250,,D
AAPL,20130201,9:31:57,457.54,200,,D
AAPL,20130201,9:31:58,457.4101,112,,D
AAPL,20130201,9:31:58,457.48,100,,D
AAPL,20130201,9:31:58,457.431,100,,D
AAPL,20130201,9:31:58,457.5,100,,D
AAPL,20130201,9:31:58,457.47,420,@F,P
AAPL,20130201,9:31:58,457.37,100,@F,Z
AAPL,20130201,9:31:58,457.42,200,@F,K
AAPL,20130201,9:31:58,457.41,800,@F,K
AAPL,20130201,9:31:58,457.36,100,,Z
AAPL,20130201,9:31:58,457.41,200,@F,K
AAPL,20130201,9:31:58,457.42,100,,Q
AAPL,20130201,9:31:58,457.42,300,,Q
AAPL,20130201,9:31:58,457.35,100,,P
AAPL,20130201,9:31:58,457.42,200,@F,Q
AAPL,20130201,9:31:58,457.42,100,,Q
AAPL,20130201,9:31:59,457.35,100,,D
AAPL,20130201,9:31:59,457.35,100,,D
AAPL,20130201,9:31:59,457.35,100,,Q
AAPL,20130201,9:31:59,457.35,100,@F,Q
AAPL,20130201,9:31:59,457.408,100,,D
AAPL,20130201,9:31:59,457.27,100,,D
AAPL,20130201,9:31:59,457.27,200,,D
AAPL,20130201,9:31:59,457.19,100,@F,P
AAPL,20130201,9:31:59,457.18,203,@F,P
AAPL,20130201,9:31:59,457.16,100,@F,P
AAPL,20130201,9:31:59,457.16,100,@F,P
AAPL,20130201,9:31:59,457.15,100,@F,P
AAPL,20130201,9:31:59,457.15,100,@F,K
AAPL,20130201,9:31:59,457.13,100,@F,K
AAPL,20130201,9:31:59,457.11,100,@F,D
AAPL,20130201,9:31:59,457.13,300,@F,K
AAPL,20130201,9:31:59,457.12,500,@F,K
AAPL,20130201,9:31:59,457.18,100,@F,Q
AAPL,20130201,9:31:59,457.13,100,@F,Q
AAPL,20130201,9:31:59,457.1,1746,@F,Q
AAPL,20130201,9:31:59,457.1,254,,Q
AAPL,20130201,9:31:59,457.13,100,@F,K
AAPL,20130201,9:31:59,457.11,100,@F,K
AAPL,20130201,9:31:59,457.13,100,@F,K
AAPL,20130201,9:31:59,457.1,100,@F,K
AAPL,20130201,9:31:59,457.14,100,@F,K
AAPL,20130201,9:31:59,457.13,100,@F,K
AAPL,20130201,9:31:59,457.12,100,@F,K
AAPL,20130201,9:32:00,457.12,100,@F,K
AAPL,20130201,9:32:00,457.07,239,@F,K
AAPL,20130201,9:32:00,457.0402,490,,D
AAPL,20130201,9:32:00,457.36,100,@F,D
AAPL,20130201,9:32:00,457.15,100,@F,B
AAPL,20130201,9:32:00,457.36,100,@F,Y
AAPL,20130201,9:32:00,457.15,100,,D
AAPL,20130201,9:32:00,457.12,100,@F,B
AAPL,20130201,9:32:00,457.08,200,,D
AAPL,20130201,9:32:00,457.3999,100,,D
AAPL,20130201,9:32:01,457.11,100,,Z
AAPL,20130201,9:32:01,457.1,100,,Z
AAPL,20130201,9:32:01,457.06,100,,Z
AAPL,20130201,9:32:01,457.06,100,,Z
AAPL,20130201,9:32:01,457.04,100,,Z
AAPL,20130201,9:32:01,457.05,100,,D
AAPL,20130201,9:32:01,457.05,100,,D
AAPL,20130201,9:32:01,457.042,100,@F,D
AAPL,20130201,9:32:01,457.04,200,@F,D
AAPL,20130201,9:32:01,457.08,100,,Q
AAPL,20130201,9:32:01,457.03,200,@F,Q
AAPL,20130201,9:32:01,457.041,200,,D
AAPL,20130201,9:32:01,457.3375,100,,D
AAPL,20130201,9:32:01,457.34,100,,D
AAPL,20130201,9:32:01,457,100,,P
AAPL,20130201,9:32:01,457,100,@F,K
AAPL,20130201,9:32:01,457.01,200,@F,D
AAPL,20130201,9:32:01,457,100,@F,K
AAPL,20130201,9:32:01,457,207,@F,K
AAPL,20130201,9:32:01,457.3175,100,,D
AAPL,20130201,9:32:01,457.02,100,@F,Q
AAPL,20130201,9:32:01,457.01,100,,Q
AAPL,20130201,9:32:01,457,110,@F,Q
AAPL,20130201,9:32:01,457,100,@F,Q
AAPL,20130201,9:32:01,457.03,160,@F,P
AAPL,20130201,9:32:01,457.04,200,,Q
AAPL,20130201,9:32:01,457.4,100,,D
AAPL,20130201,9:32:01,457.06,100,@F,P
AAPL,20130201,9:32:01,457,440,,P
AAPL,20130201,9:32:01,457,147,@F,Q
AAPL,20130201,9:32:01,457,100,@F,Q
AAPL,20130201,9:32:01,457,250,@F,Z
AAPL,20130201,9:32:01,457,200,@F,Q
AAPL,20130201,9:32:01,456.95,100,,Q
AAPL,20130201,9:32:01,457,193,@F,K
AAPL,20130201,9:32:01,457,200,@F,K
AAPL,20130201,9:32:01,457,127,@F,K
AAPL,20130201,9:32:01,457,373,@F,K
AAPL,20130201,9:32:01,457,200,@F,K
AAPL,20130201,9:32:01,457,200,@F,K
AAPL,20130201,9:32:01,456.95,100,@F,K
AAPL,20130201,9:32:01,457.1,100,@F,P
AAPL,20130201,9:32:01,457.1,400,@F,P
AAPL,20130201,9:32:01,456.99,100,@F,Q
AAPL,20130201,9:32:01,456.99,200,,Q
AAPL,20130201,9:32:02,457,300,@F,P
AAPL,20130201,9:32:02,457,100,@F,P
AAPL,20130201,9:32:02,457,160,,P
AAPL,20130201,9:32:02,457.05,100,,D
AAPL,20130201,9:32:02,456.99,100,,K
AAPL,20130201,9:32:02,456.99,108,,K
AAPL,20130201,9:32:02,456.99,100,,D
AAPL,20130201,9:32:02,457,500,,D
AAPL,20130201,9:32:02,456.95,100,@F,Q
AAPL,20130201,9:32:02,456.96,100,,Q
AAPL,20130201,9:32:02,456.98,100,@F,Z
AAPL,20130201,9:32:02,456.98,100,@F,Z
AAPL,20130201,9:32:02,456.99,100,@F,Z
AAPL,20130201,9:32:02,456.94,100,@F,Q
AAPL,20130201,9:32:02,456.98,100,,Z
AAPL,20130201,9:32:02,456.99,192,@F,K
AAPL,20130201,9:32:02,457,100,,K
AAPL,20130201,9:32:02,456.94,100,@F,Q
AAPL,20130201,9:32:02,456.93,100,@F,Q
AAPL,20130201,9:32:02,456.96,240,,P
AAPL,20130201,9:32:02,456.9,100,,P
AAPL,20130201,9:32:02,456.9,100,,P
AAPL,20130201,9:32:02,456.9,100,@F,Z
AAPL,20130201,9:32:02,456.9,100,@F,Z
AAPL,20130201,9:32:02,456.88,160,,P
AAPL,20130201,9:32:02,456.892,1000,,D
AAPL,20130201,9:32:03,456.99,100,@F,K
AAPL,20130201,9:32:03,456.98,100,,Q
AAPL,20130201,9:32:03,456.99,100,@F,K
AAPL,20130201,9:32:03,457,438,@F,K
AAPL,20130201,9:32:03,457,122,@F,K
AAPL,20130201,9:32:03,457,100,@F,K
AAPL,20130201,9:32:03,457.05,100,,Q
AAPL,20130201,9:32:03,457,100,@F,K
AAPL,20130201,9:32:03,457.18,100,,Q
AAPL,20130201,9:32:03,457.05,100,@F,Y
AAPL,20130201,9:32:03,456.97,100,,D
AAPL,20130201,9:32:03,456.99,1000,,D
AAPL,20130201,9:32:03,456.94,100,@F,Y
AAPL,20130201,9:32:03,457.197,100,,D
AAPL,20130201,9:32:03,457.2,100,,D
AAPL,20130201,9:32:03,456.94,100,,Q
AAPL,20130201,9:32:04,456.9,100,,P
AAPL,20130201,9:32:04,456.89,100,,P
AAPL,20130201,9:32:05,456.94,100,,D
AAPL,20130201,9:32:05,456.89,100,@F,K
AAPL,20130201,9:32:05,456.89,200,@F,K
AAPL,20130201,9:32:05,456.9,140,@F,Q
AAPL,20130201,9:32:05,456.85,100,@F,Q
AAPL,20130201,9:32:05,456.85,100,@F,Q
AAPL,20130201,9:32:05,456.8,150,@F,K
AAPL,20130201,9:32:05,456.78,100,@F,P
AAPL,20130201,9:32:05,456.75,100,@F,K
AAPL,20130201,9:32:05,456.7,200,@F,Q
AAPL,20130201,9:32:05,456.75,150,@F,K
AAPL,20130201,9:32:05,456.85,100,,Y
AAPL,20130201,9:32:05,456.85,100,,Y
AAPL,20130201,9:32:05,456.67,100,@F,Q
AAPL,20130201,9:32:05,456.66,100,@F,Q
AAPL,20130201,9:32:05,456.62,100,@F,Q
AAPL,20130201,9:32:05,456.62,300,@F,Q
AAPL,20130201,9:32:05,456.61,100,@F,Q
AAPL,20130201,9:32:05,456.61,100,@F,Q
AAPL,20130201,9:32:05,456.7,100,,Z
AAPL,20130201,9:32:05,456.53,600,@F,K
AAPL,20130201,9:32:05,456.59,141,@F,Y
AAPL,20130201,9:32:05,457.034,100,,D
AAPL,20130201,9:32:05,456.54,100,@F,Y
AAPL,20130201,9:32:05,456.53,200,@F,Y
AAPL,20130201,9:32:05,456.63,600,@F,K
AAPL,20130201,9:32:05,456.62,100,@F,K
AAPL,20130201,9:32:05,456.57,598,@F,Z
AAPL,20130201,9:32:05,456.7099,100,,D
AAPL,20130201,9:32:05,456.5101,219,,D
AAPL,20130201,9:32:05,456.51,219,,D
AAPL,20130201,9:32:05,456.61,100,,D
AAPL,20130201,9:32:05,456.54,781,,D
AAPL,20130201,9:32:05,456.59,100,@F,K
AAPL,20130201,9:32:05,456.61,100,@F,P
AAPL,20130201,9:32:05,456.59,100,@F,K
AAPL,20130201,9:32:05,456.59,100,@F,K
AAPL,20130201,9:32:05,456.59,100,@F,K
AAPL,20130201,9:32:05,456.62,100,,P
AAPL,20130201,9:32:05,456.59,100,@F,K
AAPL,20130201,9:32:05,456.58,100,@F,P
AAPL,20130201,9:32:06,456.58,100,,D
AAPL,20130201,9:32:07,456.5814,100,,D
AAPL,20130201,9:32:07,456.5822,499,,D
AAPL,20130201,9:32:07,456.77,100,,D
AAPL,20130201,9:32:07,456.77,119,,D
AAPL,20130201,9:32:07,456.75,100,,K
AAPL,20130201,9:32:07,456.77,100,,D
AAPL,20130201,9:32:07,456.74,500,,D
AAPL,20130201,9:32:07,456.912,100,,D
AAPL,20130201,9:32:08,456.77,100,,B
AAPL,20130201,9:32:08,456.76,100,@F,K
AAPL,20130201,9:32:08,456.76,100,@F,K
AAPL,20130201,9:32:08,456.6001,100,,D
AAPL,20130201,9:32:08,456.62,100,,Z
AAPL,20130201,9:32:08,456.62,100,,Z
AAPL,20130201,9:32:08,456.62,100,,Z
AAPL,20130201,9:32:08,456.61,100,,P
AAPL,20130201,9:32:08,456.6,100,,P
AAPL,20130201,9:32:08,456.6001,100,,D
AAPL,20130201,9:32:08,456.72,100,,D
AAPL,20130201,9:32:08,456.7,100,,P
AAPL,20130201,9:32:08,456.7,100,,P
AAPL,20130201,9:32:08,456.695,100,,D
AAPL,20130201,9:32:08,456.81,100,,D
AAPL,20130201,9:32:08,456.81,100,,D
AAPL,20130201,9:32:08,456.81,100,,D
AAPL,20130201,9:32:08,456.81,100,,D
AAPL,20130201,9:32:09,456.81,100,,K
AAPL,20130201,9:32:10,456.62,100,,Z
AAPL,20130201,9:32:10,456.6,112,,P
AAPL,20130201,9:32:10,456.6,100,,P
AAPL,20130201,9:32:10,456.6,100,,P
AAPL,20130201,9:32:10,456.57,100,,P
AAPL,20130201,9:32:10,456.74,100,,K
AAPL,20130201,9:32:10,456.59,113,@F,Q
AAPL,20130201,9:32:10,456.58,100,@F,Q
AAPL,20130201,9:32:11,456.586,500,,D
AAPL,20130201,9:32:11,456.57,100,,Q
AAPL,20130201,9:32:11,456.57,100,,P
AAPL,20130201,9:32:11,456.56,119,,Q
AAPL,20130201,9:32:11,456.59,100,@F,Q
AAPL,20130201,9:32:11,456.59,100,,Q
AAPL,20130201,9:32:11,456.6,100,@F,Q
AAPL,20130201,9:32:11,456.6,100,@F,Q
AAPL,20130201,9:32:11,456.61,100,@F,Q
AAPL,20130201,9:32:11,456.61,100,@F,Q
AAPL,20130201,9:32:11,456.61,100,@F,P
AAPL,20130201,9:32:11,456.62,100,@F,P
AAPL,20130201,9:32:11,456.67,100,@F,Q
AAPL,20130201,9:32:11,456.67,100,@F,Q
AAPL,20130201,9:32:11,456.64,100,@F,K
AAPL,20130201,9:32:11,456.66,100,@F,P
AAPL,20130201,9:32:11,456.65,100,@F,D
AAPL,20130201,9:32:11,456.64,100,,Z
AAPL,20130201,9:32:11,456.63,100,,Z
AAPL,20130201,9:32:11,456.63,100,,P
AAPL,20130201,9:32:11,456.63,100,,P
AAPL,20130201,9:32:11,456.63,100,@F,K
AAPL,20130201,9:32:11,456.63,200,,D
AAPL,20130201,9:32:11,456.62,200,,J
AAPL,20130201,9:32:11,456.59,100,@F,Q
AAPL,20130201,9:32:11,456.63,100,@F,P
AAPL,20130201,9:32:11,456.62,100,@F,P
AAPL,20130201,9:32:11,456.61,100,@F,K
AAPL,20130201,9:32:11,456.59,100,@F,Q
AAPL,20130201,9:32:11,456.59,100,@F,Q
AAPL,20130201,9:32:11,456.63,100,,D
AAPL,20130201,9:32:11,456.59,100,@F,Z
AAPL,20130201,9:32:11,456.59,100,@F,K
AAPL,20130201,9:32:11,456.6,200,@F,K
AAPL,20130201,9:32:11,456.6,1200,@F,K
AAPL,20130201,9:32:13,456.65,100,,D
AAPL,20130201,9:32:13,456.58,100,,D
AAPL,20130201,9:32:13,456.57,100,@F,P
AAPL,20130201,9:32:13,456.58,100,@F,K
AAPL,20130201,9:32:13,456.57,100,@F,P
AAPL,20130201,9:32:13,456.58,100,,D
AAPL,20130201,9:32:13,456.57,100,@F,P
AAPL,20130201,9:32:13,456.56,100,@F,P
AAPL,20130201,9:32:13,456.55,200,@F,Q
AAPL,20130201,9:32:13,456.55,100,@F,Q
AAPL,20130201,9:32:13,456.55,200,@F,Q
AAPL,20130201,9:32:13,456.54,100,@F,Q
AAPL,20130201,9:32:13,456.54,100,@F,K
AAPL,20130201,9:32:13,456.54,100,@F,K
AAPL,20130201,9:32:13,456.51,100,@F,Z
AAPL,20130201,9:32:13,456.5,177,@F,Q
AAPL,20130201,9:32:13,456.5,300,@F,Q
AAPL,20130201,9:32:13,456.5,200,@F,Q
AAPL,20130201,9:32:13,456.5,1209,,Q
AAPL,20130201,9:32:13,456.5,100,@F,Z
AAPL,20130201,9:32:13,456.5,314,@F,Q
AAPL,20130201,9:32:13,456.5,100,@F,Z
AAPL,20130201,9:32:13,456.5,272,@F,P
AAPL,20130201,9:32:13,456.5,200,@F,K
AAPL,20130201,9:32:13,456.5,105,@F,K
AAPL,20130201,9:32:13,456.48,100,@F,K
AAPL,20130201,9:32:13,456.48,218,@F,K
AAPL,20130201,9:32:13,456.48,100,@F,K
AAPL,20130201,9:32:13,456.48,577,@F,K
AAPL,20130201,9:32:13,456.63,100,,D
AAPL,20130201,9:32:14,456.5,100,,D
AAPL,20130201,9:32:14,456.6098,300,,D
AAPL,20130201,9:32:14,456.59,100,@F,Q
AAPL,20130201,9:32:14,456.6,100,,Y
AAPL,20130201,9:32:15,456.42,100,@F,Q
AAPL,20130201,9:32:15,456.4,100,@F,Q
AAPL,20130201,9:32:15,456.5,100,@F,Z
AAPL,20130201,9:32:15,456.43,100,,Z
AAPL,20130201,9:32:15,456.41,100,,Z
AAPL,20130201,9:32:15,456.39,100,,D
AAPL,20130201,9:32:15,456.5,200,,D
AAPL,20130201,9:32:15,456.36,545,,D
AAPL,20130201,9:32:15,456.36,545,,D
AAPL,20130201,9:32:15,456.36,394,,D
AAPL,20130201,9:32:15,456.47,100,@F,Q
AAPL,20130201,9:32:15,456.5,100,@F,Q
AAPL,20130201,9:32:15,456.5,100,@F,Q
AAPL,20130201,9:32:15,456.5,100,@F,Q
AAPL,20130201,9:32:15,456.5,100,,B
AAPL,20130201,9:32:15,456.4006,100,,D
AAPL,20130201,9:32:15,456.5,100,,D
AAPL,20130201,9:32:15,456.494,500,,D
AAPL,20130201,9:32:15,456.494,100,,D
AAPL,20130201,9:32:16,456.49,100,@F,Q
AAPL,20130201,9:32:16,456.5,100,@F,Q
AAPL,20130201,9:32:16,456.51,100,@F,J
AAPL,20130201,9:32:16,456.53,100,@F,B
AAPL,20130201,9:32:16,456.52,100,@F,Y
AAPL,20130201,9:32:16,456.4,100,,Z
AAPL,20130201,9:32:16,456.4,100,,Z
AAPL,20130201,9:32:16,456.495,100,,D
AAPL,20130201,9:32:16,456.62,100,,D
AAPL,20130201,9:32:16,456.62,100,,D
AAPL,20130201,9:32:16,456.6,200,@F,Y
AAPL,20130201,9:32:16,456.62,100,@F,Y
AAPL,20130201,9:32:16,456.62,200,@F,Q
AAPL,20130201,9:32:16,456.62,100,@F,Q
AAPL,20130201,9:32:16,456.63,100,@F,Q
AAPL,20130201,9:32:16,456.65,100,@F,K
AAPL,20130201,9:32:16,456.62,100,@F,D
AAPL,20130201,9:32:16,456.65,100,@F,P
AAPL,20130201,9:32:16,456.54,100,@F,Y
AAPL,20130201,9:32:16,456.53,100,@F,J
AAPL,20130201,9:32:16,456.52,100,@F,J
AAPL,20130201,9:32:16,456.53,100,,D
AAPL,20130201,9:32:16,456.64,100,@F,Z
AAPL,20130201,9:32:16,456.45,100,,D
AAPL,20130201,9:32:17,456.65,100,@F,Z
AAPL,20130201,9:32:17,456.68,100,@F,Z
AAPL,20130201,9:32:17,456.68,100,@F,K
AAPL,20130201,9:32:17,456.65,100,@F,Q
AAPL,20130201,9:32:17,456.65,100,@F,Q
AAPL,20130201,9:32:17,456.65,400,@F,P
AAPL,20130201,9:32:17,456.65,200,,P
AAPL,20130201,9:32:17,456.63,100,,D
AAPL,20130201,9:32:17,456.615,100,,D
AAPL,20130201,9:32:17,456.5,100,@F,Z
AAPL,20130201,9:32:17,456.51,100,,D
AAPL,20130201,9:32:17,456.495,100,,D
AAPL,20130201,9:32:17,456.49,100,,D
AAPL,20130201,9:32:17,456.49,100,,D
AAPL,20130201,9:32:17,456.49,100,,D
AAPL,20130201,9:32:17,456.49,100,,D
AAPL,20130201,9:32:17,456.68,100,@F,Q
AAPL,20130201,9:32:17,456.63,100,@F,K
AAPL,20130201,9:32:18,456.72,200,,P
AAPL,20130201,9:32:18,456.7698,500,,D
AAPL,20130201,9:32:18,456.72,100,,D
AAPL,20130201,9:32:18,456.76,100,@F,B
AAPL,20130201,9:32:18,456.76,100,@F,B
AAPL,20130201,9:32:18,456.77,100,@F,D
AAPL,20130201,9:32:18,456.7695,100,,D
AAPL,20130201,9:32:18,456.77,200,@F,D
AAPL,20130201,9:32:18,456.7695,100,,D
AAPL,20130201,9:32:18,456.77,200,@F,D
AAPL,20130201,9:32:18,456.77,100,@F,D
AAPL,20130201,9:32:18,456.76,100,,P
AAPL,20130201,9:32:18,456.69,100,@F,D
AAPL,20130201,9:32:18,456.71,100,,D
AAPL,20130201,9:32:19,456.77,100,,D
AAPL,20130201,9:32:19,456.77,100,,D
AAPL,20130201,9:32:19,456.76,600,@F,D
AAPL,20130201,9:32:19,456.76,100,@F,P
AAPL,20130201,9:32:19,456.77,100,@F,P
AAPL,20130201,9:32:19,456.8,100,@F,Q
AAPL,20130201,9:32:19,456.77,200,@F,Q
AAPL,20130201,9:32:19,456.8,100,@F,Z
AAPL,20130201,9:32:19,456.79,100,@F,Q
AAPL,20130201,9:32:19,456.82,100,@F,Q
AAPL,20130201,9:32:19,456.82,100,@F,Q
AAPL,20130201,9:32:19,456.79,100,@F,P
AAPL,20130201,9:32:19,456.79,100,@F,P
AAPL,20130201,9:32:19,456.89,120,,Q
AAPL,20130201,9:32:19,456.89,100,,P
AAPL,20130201,9:32:19,456.89,100,@F,Z
AAPL,20130201,9:32:19,456.92,100,@F,Q
AAPL,20130201,9:32:19,456.89,110,@F,K
AAPL,20130201,9:32:19,456.994,200,,D
AAPL,20130201,9:32:19,456.99,100,,K
AAPL,20130201,9:32:19,457,100,@F,K
AAPL,20130201,9:32:19,457.08,100,@F,Y
AAPL,20130201,9:32:19,457,200,@F,C
AAPL,20130201,9:32:20,456.8201,400,,D
AAPL,20130201,9:32:20,457.1,200,,B
AAPL,20130201,9:32:20,457.13,100,,B
AAPL,20130201,9:32:20,457.13,100,,Z
AAPL,20130201,9:32:20,457.13,100,@F,P
AAPL,20130201,9:32:20,457.13,100,@F,K
AAPL,20130201,9:32:20,457.13,100,@F,P
AAPL,20130201,9:32:20,457.2899,400,,D
AAPL,20130201,9:32:20,457.2829,300,,D
AAPL,20130201,9:32:22,457.14,100,,D
AAPL,20130201,9:32:22,457.24,300,,D
AAPL,20130201,9:32:22,457.2898,200,,D
AAPL,20130201,9:32:22,457.05,100,,D
AAPL,20130201,9:32:22,457.161,100,,D
AAPL,20130201,9:32:23,457.05,3400,,D
AAPL,20130201,9:32:23,457.26,100,,Z
AAPL,20130201,9:32:23,457.24,100,,D
AAPL,20130201,9:32:23,457.07,600,,D
AAPL,20130201,9:32:23,457.04,400,,D
AAPL,20130201,9:32:25,457.29,100,@F,W
AAPL,20130201,9:32:25,457.116,100,,D
AAPL,20130201,9:32:25,457,600,,D
AAPL,20130201,9:32:26,457.28,100,,Z
AAPL,20130201,9:32:26,457.26,100,,P
AAPL,20130201,9:32:26,457.28,100,,K
AAPL,20130201,9:32:26,457.2899,400,,D
AAPL,20130201,9:32:27,457.29,130,,D
AAPL,20130201,9:32:27,457.245,100,,D
AAPL,20130201,9:32:27,457.22,100,,D
AAPL,20130201,9:32:27,457.2001,400,,D
AAPL,20130201,9:32:27,457.215,100,,D
AAPL,20130201,9:32:27,457.2,200,,D
AAPL,20130201,9:32:27,457.28,186,,Q
AAPL,20130201,9:32:27,457.29,100,@F,Z
AAPL,20130201,9:32:27,457.28,100,@F,P
AAPL,20130201,9:32:27,457.2,100,,D
AAPL,20130201,9:32:27,457.29,200,@F,K
AAPL,20130201,9:32:27,457.29,300,,K
AAPL,20130201,9:32:27,457.2,400,,D
AAPL,20130201,9:32:27,457.28,100,@F,K
AAPL,20130201,9:32:27,457.21,100,,D
AAPL,20130201,9:32:27,457.28,100,,Q
AAPL,20130201,9:32:27,457.24,100,,D
AAPL,20130201,9:32:27,457.2,300,,D
AAPL,20130201,9:32:27,457.205,100,,D
AAPL,20130201,9:32:27,457.24,100,,D
AAPL,20130201,9:32:27,457.46,300,,D
AAPL,20130201,9:32:27,457.21,100,,D
AAPL,20130201,9:32:27,457.2001,100,,D
AAPL,20130201,9:32:27,457.29,100,@F,K
AAPL,20130201,9:32:28,457.235,200,,D
AAPL,20130201,9:32:29,457.3499,200,,D
AAPL,20130201,9:32:30,457.35,134,,K
AAPL,20130201,9:32:30,457.35,100,,K
AAPL,20130201,9:32:30,457.35,100,,K
AAPL,20130201,9:32:31,457.44,100,,B
AAPL,20130201,9:32:31,457.32,100,,B
AAPL,20130201,9:32:31,457.27,100,,P
AAPL,20130201,9:32:32,457.391,300,,D
AAPL,20130201,9:32:32,457.28,100,@F,B
AAPL,20130201,9:32:32,457.28,125,@F,P
AAPL,20130201,9:32:32,457.26,100,@F,P
AAPL,20130201,9:32:32,457.25,100,@F,P
AAPL,20130201,9:32:32,457.35,180,@F,P
AAPL,20130201,9:32:32,457.37,180,@F,P
AAPL,20130201,9:32:33,457.392,1000,,D
AAPL,20130201,9:32:33,457.405,155,,D
AAPL,20130201,9:32:33,457.3002,100,,D
AAPL,20130201,9:32:33,457.41,155,@F,Q
AAPL,20130201,9:32:33,457.41,100,@F,K
AAPL,20130201,9:32:33,457.42,100,,Q
AAPL,20130201,9:32:34,457.33,100,,P
AAPL,20130201,9:32:34,457.33,100,,K
AAPL,20130201,9:32:34,457.32,454,,Z
AAPL,20130201,9:32:34,457.33,100,,K
AAPL,20130201,9:32:34,457.32,183,,K
AAPL,20130201,9:32:34,457.405,100,,D
AAPL,20130201,9:32:34,457.3702,100,,D
AAPL,20130201,9:32:34,457.43,100,,P
AAPL,20130201,9:32:34,457.408,621,,D
AAPL,20130201,9:32:34,457.38,100,,Q
AAPL,20130201,9:32:34,457.43,100,,Q
AAPL,20130201,9:32:34,457.44,100,,Q
AAPL,20130201,9:32:34,457.44,100,,P
AAPL,20130201,9:32:34,457.44,100,,P
AAPL,20130201,9:32:34,457.37,100,@F,K
AAPL,20130201,9:32:34,457.45,200,,Q
AAPL,20130201,9:32:34,457.45,200,,Q
AAPL,20130201,9:32:35,457.405,100,,D
AAPL,20130201,9:32:35,457.39,100,,Z
AAPL,20130201,9:32:35,457.39,100,,Q
AAPL,20130201,9:32:35,457.458,100,,D
AAPL,20130201,9:32:35,457.45,100,,Z
AAPL,20130201,9:32:35,457.45,100,,P
AAPL,20130201,9:32:35,457.45,100,,J
AAPL,20130201,9:32:35,457.46,141,@F,Q
AAPL,20130201,9:32:35,457.384,100,,D
AAPL,20130201,9:32:35,457.44,200,,D
AAPL,20130201,9:32:35,457.49,100,@F,Q
AAPL,20130201,9:32:35,457.5,180,@F,Q
AAPL,20130201,9:32:35,457.5,180,@F,Q
AAPL,20130201,9:32:35,457.5,200,@F,K
AAPL,20130201,9:32:35,457.5,154,@F,K
AAPL,20130201,9:32:35,457.5,100,@F,K
AAPL,20130201,9:32:35,457.5,146,@F,K
AAPL,20130201,9:32:35,457.5,100,@F,K
AAPL,20130201,9:32:35,457.5,154,@F,K
AAPL,20130201,9:32:35,457.5,100,@F,K
AAPL,20130201,9:32:35,457.5,100,,Q
AAPL,20130201,9:32:35,457.5,100,,Q
AAPL,20130201,9:32:35,457.5,100,@F,Q
AAPL,20130201,9:32:36,457.5,100,,D
AAPL,20130201,9:32:36,457.58,100,,D
AAPL,20130201,9:32:36,457.5,100,,Q
AAPL,20130201,9:32:36,457.5,100,@F,Q
AAPL,20130201,9:32:36,457.5,100,,Q
AAPL,20130201,9:32:36,457.5,100,,Q
AAPL,20130201,9:32:36,457.49,100,@F,Z
AAPL,20130201,9:32:36,457.58,100,,D
AAPL,20130201,9:32:36,457.5,100,,Q
AAPL,20130201,9:32:36,457.5,100,,Q
AAPL,20130201,9:32:36,457.5,100,,Q
AAPL,20130201,9:32:36,457.51,100,,P
AAPL,20130201,9:32:36,457.5,100,,Q
AAPL,20130201,9:32:36,457.5,100,,Q
AAPL,20130201,9:32:37,457.4801,250,,D
AAPL,20130201,9:32:37,457.54,100,,P
AAPL,20130201,9:32:37,457.6,127,@F,K
AAPL,20130201,9:32:38,457.69,1000,,D
AAPL,20130201,9:32:39,457.59,100,@F,K
AAPL,20130201,9:32:39,457.59,100,@F,K
AAPL,20130201,9:32:39,457.64,100,@F,Q
AAPL,20130201,9:32:39,457.59,100,@F,K
AAPL,20130201,9:32:39,457.63,100,@F,Z
AAPL,20130201,9:32:39,457.63,101,@F,P
AAPL,20130201,9:32:39,457.62,160,@F,P
AAPL,20130201,9:32:39,457.62,100,@F,P
AAPL,20130201,9:32:39,457.62,133,@F,P
AAPL,20130201,9:32:39,457.62,100,@F,P
AAPL,20130201,9:32:39,457.62,100,@F,P
AAPL,20130201,9:32:39,457.62,100,@F,Q
AAPL,20130201,9:32:39,457.62,100,@F,Q
AAPL,20130201,9:32:39,457.62,100,@F,P
AAPL,20130201,9:32:39,457.62,100,@F,P
AAPL,20130201,9:32:39,457.62,100,@F,P
AAPL,20130201,9:32:39,457.62,100,@F,P
AAPL,20130201,9:32:39,457.62,100,@F,P
AAPL,20130201,9:32:40,457.72,100,@F,P
AAPL,20130201,9:32:40,457.73,100,,P
AAPL,20130201,9:32:40,457.72,100,@F,K
AAPL,20130201,9:32:40,457.72,100,,D
AAPL,20130201,9:32:40,457.72,100,@F,K
AAPL,20130201,9:32:40,457.73,299,@F,P
AAPL,20130201,9:32:40,457.72,100,,D
AAPL,20130201,9:32:40,457.72,100,@F,K
AAPL,20130201,9:32:40,457.72,100,@F,K
AAPL,20130201,9:32:40,457.72,100,@F,K
AAPL,20130201,9:32:40,457.72,300,@F,K
AAPL,20130201,9:32:40,457.72,100,@F,P
AAPL,20130201,9:32:40,457.73,100,@F,P
AAPL,20130201,9:32:40,457.72,100,@F,K
AAPL,20130201,9:32:40,457.72,100,,D
AAPL,20130201,9:32:40,457.72,100,,D
AAPL,20130201,9:32:40,457.572,100,,D
AAPL,20130201,9:32:40,457.572,400,,D
AAPL,20130201,9:32:41,457.67,100,@F,K
AAPL,20130201,9:32:41,457.63,100,,Z
AAPL,20130201,9:32:41,457.63,100,,J
AAPL,20130201,9:32:41,457.62,100,,D
AAPL,20130201,9:32:41,457.64,100,@F,Z
AAPL,20130201,9:32:42,457.65,200,,D
AAPL,20130201,9:32:42,457.57,100,,P
AAPL,20130201,9:32:42,457.57,100,,P
AAPL,20130201,9:32:42,457.69,220,,D
AAPL,20130201,9:32:42,457.62,100,,P
AAPL,20130201,9:32:42,457.61,100,,P
AAPL,20130201,9:32:42,457.62,100,@F,P
AAPL,20130201,9:32:42,457.61,200,@F,P
AAPL,20130201,9:32:42,457.61,200,,Z
AAPL,20130201,9:32:42,457.7,100,@F,P
AAPL,20130201,9:32:42,457.71,100,@F,P
AAPL,20130201,9:32:42,457.63,100,@F,P
AAPL,20130201,9:32:42,457.61,100,@F,P
AAPL,20130201,9:32:42,457.62,100,@F,D
AAPL,20130201,9:32:42,457.61,100,@F,D
AAPL,20130201,9:32:42,457.61,100,,Z
AAPL,20130201,9:32:43,457.71,100,@F,P
AAPL,20130201,9:32:43,457.72,100,@F,P
AAPL,20130201,9:32:43,457.72,100,@F,P
AAPL,20130201,9:32:43,457.72,100,@F,P
AAPL,20130201,9:32:43,457.61,100,,Q
AAPL,20130201,9:32:43,457.72,100,@F,K
AAPL,20130201,9:32:43,457.61,100,,Q
AAPL,20130201,9:32:43,457.61,100,,Q
AAPL,20130201,9:32:43,457.61,100,,Q
AAPL,20130201,9:32:43,457.61,100,,Q
AAPL,20130201,9:32:43,457.61,100,,Q
AAPL,20130201,9:32:43,457.74,200,@F,P
AAPL,20130201,9:32:43,457.76,100,@F,P
AAPL,20130201,9:32:43,457.75,200,,B
AAPL,20130201,9:32:43,457.61,116,,Q
AAPL,20130201,9:32:43,457.73,100,,D
AAPL,20130201,9:32:43,457.57,100,,D
AAPL,20130201,9:32:43,457.73,100,@F,B
AAPL,20130201,9:32:43,457.656,500,,D
AAPL,20130201,9:32:44,457.692,100,,D
AAPL,20130201,9:32:47,457.7899,100,,D
AAPL,20130201,9:32:47,457.79,200,,D
AAPL,20130201,9:32:48,457.61,100,,B
AAPL,20130201,9:32:48,457.69,100,,P
AAPL,20130201,9:32:48,457.69,100,,P
AAPL,20130201,9:32:48,457.69,100,,P
AAPL,20130201,9:32:49,457.69,100,@F,P
AAPL,20130201,9:32:49,457.69,100,@F,P
AAPL,20130201,9:32:49,457.79,100,@F,Q
AAPL,20130201,9:32:49,457.82,200,@F,Q
AAPL,20130201,9:32:49,457.77,400,@F,P
AAPL,20130201,9:32:49,457.876,100,,D
AAPL,20130201,9:32:49,457.7,120,,P
AAPL,20130201,9:32:49,457.755,100,,D
AAPL,20130201,9:32:49,457.75,100,,D
AAPL,20130201,9:32:49,457.77,100,@F,Q
AAPL,20130201,9:32:49,457.77,214,@F,P
AAPL,20130201,9:32:50,457.83,100,,Q
AAPL,20130201,9:32:50,457.87,100,,Q
AAPL,20130201,9:32:50,457.88,100,,B
AAPL,20130201,9:32:50,457.88,100,,Q
AAPL,20130201,9:32:50,457.97,100,,Q
AAPL,20130201,9:32:50,457.98,100,@F,Q
AAPL,20130201,9:32:50,457.98,600,@F,Q
AAPL,20130201,9:32:50,457.88,100,@F,K
AAPL,20130201,9:32:50,457.99,170,,Q
AAPL,20130201,9:32:50,457.98,100,@F,K
AAPL,20130201,9:32:50,457.89,100,,D
AAPL,20130201,9:32:50,457.99,200,,D
AAPL,20130201,9:32:50,457.96,100,,B
AAPL,20130201,9:32:50,457.94,200,,D
AAPL,20130201,9:32:50,457.91,100,,D
AAPL,20130201,9:32:50,457.984,400,,D
AAPL,20130201,9:32:50,457.915,100,,D
AAPL,20130201,9:32:51,457.98,100,,J
AAPL,20130201,9:32:51,457.77,200,,D
AAPL,20130201,9:32:51,457.99,100,,P
AAPL,20130201,9:32:51,457.98,100,,Q
AAPL,20130201,9:32:51,457.99,100,,Q
AAPL,20130201,9:32:51,457.99,200,@F,Q
AAPL,20130201,9:32:51,457.98,275,,D
AAPL,20130201,9:32:52,457.9898,100,,D
AAPL,20130201,9:32:53,457.83,100,,Q
AAPL,20130201,9:32:53,457.99,100,@F,Q
AAPL,20130201,9:32:53,457.99,178,@F,Q
AAPL,20130201,9:32:54,457.96,100,@F,K
AAPL,20130201,9:32:54,457.9699,100,,D
AAPL,20130201,9:32:54,457.92,100,,D
AAPL,20130201,9:32:55,457.875,100,,D
AAPL,20130201,9:32:55,458,200,@F,Q
AAPL,20130201,9:32:55,458,100,@F,Q
AAPL,20130201,9:32:55,458,100,@F,Q
AAPL,20130201,9:32:55,458.06,100,@F,Q
AAPL,20130201,9:32:55,458.06,100,@F,Z
AAPL,20130201,9:32:55,458.1,300,@F,Q
AAPL,20130201,9:32:55,458.11,200,@F,Q
AAPL,20130201,9:32:55,458.11,100,@F,P
AAPL,20130201,9:32:55,458,174,,K
AAPL,20130201,9:32:55,458,326,@F,K
AAPL,20130201,9:32:55,458,100,@F,K
AAPL,20130201,9:32:55,458.11,100,@F,K
AAPL,20130201,9:32:55,458.24,100,,D
AAPL,20130201,9:32:56,458.24,100,,D
AAPL,20130201,9:32:56,458.224,100,,D
AAPL,20130201,9:32:56,458.22,100,,J
AAPL,20130201,9:32:56,458.24,100,@F,D
AAPL,20130201,9:32:56,458.24,100,,D
AAPL,20130201,9:32:56,458.24,100,,D
AAPL,20130201,9:32:56,458.24,133,,D
AAPL,20130201,9:32:56,458.24,100,@F,Q
AAPL,20130201,9:32:56,458.08,100,,D
AAPL,20130201,9:32:56,458.24,100,@F,P
AAPL,20130201,9:32:56,458.29,200,,D
AAPL,20130201,9:32:56,458.29,400,,D
AAPL,20130201,9:32:56,458.29,400,,D
AAPL,20130201,9:32:56,458.1975,100,,D
AAPL,20130201,9:32:56,458.31,100,@F,Z
AAPL,20130201,9:32:57,458.35,100,@F,P
AAPL,20130201,9:32:57,458.35,100,@F,P
AAPL,20130201,9:32:57,458.31,140,@F,P
AAPL,20130201,9:32:57,458.1119,200,,D
AAPL,20130201,9:32:57,458.4,100,@F,Q
AAPL,20130201,9:32:57,458.42,200,@F,Q
AAPL,20130201,9:32:58,458.36,120,@F,P
AAPL,20130201,9:32:58,458.35,100,,D
AAPL,20130201,9:32:58,458.44,100,@F,Q
AAPL,20130201,9:32:58,458.46,100,@F,Q
AAPL,20130201,9:32:58,458.44,100,@F,B
AAPL,20130201,9:32:58,458.44,100,@F,Z
AAPL,20130201,9:32:58,458.46,100,@F,Z
AAPL,20130201,9:32:58,458.46,100,,Q
AAPL,20130201,9:32:58,458.46,100,,Y
AAPL,20130201,9:32:58,458.46,100,,Z
AAPL,20130201,9:32:58,458.35,100,,D
AAPL,20130201,9:32:58,458.35,100,,D
AAPL,20130201,9:32:58,458.49,100,@F,Q
AAPL,20130201,9:32:58,458.49,100,,Q
AAPL,20130201,9:32:58,458.49,590,,D
AAPL,20130201,9:32:58,458.33,100,,Q
AAPL,20130201,9:32:58,458.33,100,,Q
AAPL,20130201,9:32:58,458.31,100,,Q
AAPL,20130201,9:32:58,458.29,100,@F,Q
AAPL,20130201,9:32:58,458.26,146,,P
AAPL,20130201,9:32:58,458.26,100,,P
AAPL,20130201,9:32:58,458.26,100,@F,P
AAPL,20130201,9:32:58,458.26,194,@F,P
AAPL,20130201,9:32:58,458.25,100,@F,K
AAPL,20130201,9:32:58,458.28,100,@F,Q
AAPL,20130201,9:32:58,458.27,100,@F,P
AAPL,20130201,9:32:58,458.25,100,@F,P
AAPL,20130201,9:32:58,458.25,200,@F,K
AAPL,20130201,9:32:58,458.24,300,@F,K
AAPL,20130201,9:32:58,458.24,100,@F,K
AAPL,20130201,9:32:59,458.31,100,@F,P
AAPL,20130201,9:32:59,458.33,100,,D
AAPL,20130201,9:32:59,458.36,100,,D
AAPL,20130201,9:32:59,458.39,100,@F,P
AAPL,20130201,9:32:59,458.39,100,@F,K
AAPL,20130201,9:33:00,458.325,100,,D
AAPL,20130201,9:33:00,458.24,200,,D
AAPL,20130201,9:33:00,458.24,100,,D
AAPL,20130201,9:33:00,458.28,100,@F,Q
AAPL,20130201,9:33:00,458.38,100,,D
AAPL,20130201,9:33:01,458.41,400,,D
AAPL,20130201,9:33:01,458.41,100,,D
AAPL,20130201,9:33:01,458.3201,1218,,D
AAPL,20130201,9:33:01,458.28,100,,D
AAPL,20130201,9:33:02,458.33,100,@F,B
AAPL,20130201,9:33:02,458.32,100,,B
AAPL,20130201,9:33:02,458.33,100,@F,K
AAPL,20130201,9:33:02,458.33,200,@F,K
AAPL,20130201,9:33:02,458.32,563,@F,K
AAPL,20130201,9:33:02,458.32,437,,K
AAPL,20130201,9:33:02,458.33,100,,K
AAPL,20130201,9:33:02,458.27,400,,D
AAPL,20130201,9:33:02,458.33,100,,D
AAPL,20130201,9:33:02,458.25,100,,D
AAPL,20130201,9:33:02,458.25,100,,D
AAPL,20130201,9:33:02,458.25,100,,D
AAPL,20130201,9:33:03,458.28,400,,D
AAPL,20130201,9:33:03,458.252,300,,D
AAPL,20130201,9:33:03,458.27,157,,J
AAPL,20130201,9:33:03,458.29,100,,D
AAPL,20130201,9:33:03,458.29,100,,D
AAPL,20130201,9:33:03,458.329,200,,D
AAPL,20130201,9:33:03,458.329,200,,D
AAPL,20130201,9:33:03,458.32,100,@F,P
AAPL,20130201,9:33:03,458.33,200,@F,P
AAPL,20130201,9:33:03,458.33,200,,D
AAPL,20130201,9:33:03,458.26,100,,Y
AAPL,20130201,9:33:03,458.26,100,,D
AAPL,20130201,9:33:03,458.28,400,,D
AAPL,20130201,9:33:03,458.36,143,@F,Q
AAPL,20130201,9:33:03,458.37,200,@F,P
AAPL,20130201,9:33:03,458.28,400,,D
AAPL,20130201,9:33:03,458.37,100,,P
AAPL,20130201,9:33:03,458.325,100,,D
AAPL,20130201,9:33:03,458.27,100,,P
AAPL,20130201,9:33:03,458.27,100,@F,B
AAPL,20130201,9:33:04,458.355,500,,D
AAPL,20130201,9:33:04,458.3,100,@F,K
AAPL,20130201,9:33:04,458.345,100,,D
AAPL,20130201,9:33:04,458.25,100,@F,B
AAPL,20130201,9:33:04,458.25,100,@F,Q
AAPL,20130201,9:33:04,458.26,200,,P
AAPL,20130201,9:33:04,458.22,100,@F,K
AAPL,20130201,9:33:04,458.24,100,@F,P
AAPL,20130201,9:33:04,458.22,100,@F,K
AAPL,20130201,9:33:04,458.22,100,@F,K
AAPL,20130201,9:33:04,458.22,100,@F,P
AAPL,20130201,9:33:04,458.22,200,@F,P
AAPL,20130201,9:33:04,458.22,100,@F,K
AAPL,20130201,9:33:04,458.21,100,@F,Z
AAPL,20130201,9:33:04,458.22,100,@F,K
AAPL,20130201,9:33:04,458.22,100,@F,K
AAPL,20130201,9:33:04,458.24,100,,D
AAPL,20130201,9:33:04,458.2101,400,,D
AAPL,20130201,9:33:04,458.266,200,,D
AAPL,20130201,9:33:04,458.314,200,,D
AAPL,20130201,9:33:04,458.22,100,,Q
AAPL,20130201,9:33:04,458.22,100,,K
AAPL,20130201,9:33:04,458.314,200,,D
AAPL,20130201,9:33:05,458.19,400,,D
AAPL,20130201,9:33:05,458.18,100,,P
AAPL,20130201,9:33:05,458.314,100,,D
AAPL,20130201,9:33:05,458.24,100,,D
AAPL,20130201,9:33:05,458.24,100,,D
AAPL,20130201,9:33:05,458.2085,400,,D
AAPL,20130201,9:33:05,458.17,100,@F,Z
AAPL,20130201,9:33:05,458.17,100,@F,P
AAPL,20130201,9:33:05,458.17,100,@F,P
AAPL,20130201,9:33:05,458.17,100,@F,K
AAPL,20130201,9:33:05,458.17,100,,P
AAPL,20130201,9:33:05,458.17,100,,P
AAPL,20130201,9:33:05,458.17,100,@F,P
AAPL,20130201,9:33:05,458.17,100,@F,P
AAPL,20130201,9:33:05,458.17,100,,K
AAPL,20130201,9:33:05,458.17,100,@F,K
AAPL,20130201,9:33:05,458.11,100,,P
AAPL,20130201,9:33:05,458.11,100,,P
AAPL,20130201,9:33:05,458.1,100,,Q
AAPL,20130201,9:33:05,458.06,100,,K
AAPL,20130201,9:33:05,458.06,100,,K
AAPL,20130201,9:33:06,458.04,200,@F,Q
AAPL,20130201,9:33:06,458.01,100,@F,Z
AAPL,20130201,9:33:06,458,135,,D
AAPL,20130201,9:33:06,458.0019,135,,D
AAPL,20130201,9:33:06,458.01,100,,Z
AAPL,20130201,9:33:06,458.104,100,,D
AAPL,20130201,9:33:06,458.01,100,@F,Q
AAPL,20130201,9:33:06,458,100,@F,Q
AAPL,20130201,9:33:06,458.055,300,,D
AAPL,20130201,9:33:06,458,2200,,D
AAPL,20130201,9:33:07,458,193,@F,Z
AAPL,20130201,9:33:07,458,400,,Z
AAPL,20130201,9:33:07,458,100,,Z
AAPL,20130201,9:33:07,458,168,@F,Z
AAPL,20130201,9:33:07,458,400,@F,Z
AAPL,20130201,9:33:07,458,100,@F,Z
AAPL,20130201,9:33:07,458,200,@F,Z
AAPL,20130201,9:33:07,458,200,@F,Z
AAPL,20130201,9:33:07,458,199,,Q
AAPL,20130201,9:33:07,458,200,,Z
AAPL,20130201,9:33:07,458,106,@F,Z
AAPL,20130201,9:33:07,458,202,@F,Z
AAPL,20130201,9:33:07,458,100,@F,Q
AAPL,20130201,9:33:07,458.005,100,,Z
AAPL,20130201,9:33:07,458.005,100,,Z
AAPL,20130201,9:33:07,458.005,100,,P
AAPL,20130201,9:33:07,458.05,100,,D
AAPL,20130201,9:33:07,458.033,100,,D
AAPL,20130201,9:33:07,458,200,,Z
AAPL,20130201,9:33:07,458,100,@F,Q
AAPL,20130201,9:33:07,458,100,@F,Z
AAPL,20130201,9:33:07,458,400,@F,Z
AAPL,20130201,9:33:07,458,104,@F,Z
AAPL,20130201,9:33:07,458,100,,Z
AAPL,20130201,9:33:07,458,100,@F,Z
AAPL,20130201,9:33:07,458,100,@F,Z
AAPL,20130201,9:33:07,458,100,,Z
AAPL,20130201,9:33:07,458,100,@F,Q
AAPL,20130201,9:33:07,458.005,100,,P
AAPL,20130201,9:33:07,458.37,200,,D
AAPL,20130201,9:33:07,458.205,100,,D
AAPL,20130201,9:33:07,458.03,600,,D
AAPL,20130201,9:33:07,458.0001,200,,D
AAPL,20130201,9:33:07,458,500,,D
AAPL,20130201,9:33:07,458.0042,300,,D
AAPL,20130201,9:33:07,458,100,,D
AAPL,20130201,9:33:07,458,300,,Z
AAPL,20130201,9:33:07,458,200,,Z
AAPL,20130201,9:33:07,458,800,@F,Z
AAPL,20130201,9:33:07,458.005,100,,D
AAPL,20130201,9:33:07,458.025,100,,D
AAPL,20130201,9:33:07,458,100,,D
AAPL,20130201,9:33:07,458.0001,100,,D
AAPL,20130201,9:33:07,458,100,,D
AAPL,20130201,9:33:07,458,200,@F,Z
AAPL,20130201,9:33:07,458,680,,Z
AAPL,20130201,9:33:07,458,680,@F,Z
AAPL,20130201,9:33:07,458,1000,,D
AAPL,20130201,9:33:07,458.226,100,,D
AAPL,20130201,9:33:07,458.0001,100,,D
AAPL,20130201,9:33:08,458.226,100,,D
AAPL,20130201,9:33:08,458,200,,Z
AAPL,20130201,9:33:08,458,783,,Z
AAPL,20130201,9:33:08,458,783,,Z
AAPL,20130201,9:33:08,458,900,,Z
AAPL,20130201,9:33:08,457.99,100,@F,Q
AAPL,20130201,9:33:08,457.99,100,@F,Q
AAPL,20130201,9:33:08,458,200,,Z
AAPL,20130201,9:33:08,458,616,,Z
AAPL,20130201,9:33:08,458,224,,Z
AAPL,20130201,9:33:08,458,141,,D
AAPL,20130201,9:33:08,458,699,,D
AAPL,20130201,9:33:08,457.85,201,,D
AAPL,20130201,9:33:08,457.85,105,,D
AAPL,20130201,9:33:08,457.85,400,,D
AAPL,20130201,9:33:08,457.85,140,,D
AAPL,20130201,9:33:08,457.86,100,@F,Q
AAPL,20130201,9:33:08,457.85,100,@F,Q
AAPL,20130201,9:33:08,457.86,100,@F,Y
AAPL,20130201,9:33:08,457.81,100,@F,Y
AAPL,20130201,9:33:08,457.92,100,,Z
AAPL,20130201,9:33:08,457.958,100,@F,D
AAPL,20130201,9:33:08,457.72,100,,Z
AAPL,20130201,9:33:08,457.69,100,@F,D
AAPL,20130201,9:33:08,457.698,100,@F,D
AAPL,20130201,9:33:08,458.055,100,,D
AAPL,20130201,9:33:08,457.696,100,@F,D
AAPL,20130201,9:33:10,457.75,1000,,D
AAPL,20130201,9:33:11,457.914,100,,D
AAPL,20130201,9:33:11,457.91,218,,D
AAPL,20130201,9:33:11,457.98,200,,D
AAPL,20130201,9:33:11,457.95,100,@F,P
AAPL,20130201,9:33:12,457.99,100,,B
AAPL,20130201,9:33:12,457.81,1000,,D
AAPL,20130201,9:33:13,458.03,100,,D
AAPL,20130201,9:33:13,458.028,100,,D
AAPL,20130201,9:33:13,458.0285,100,,D
AAPL,20130201,9:33:13,457.974,1000,,D
AAPL,20130201,9:33:14,457.9999,100,,D
AAPL,20130201,9:33:14,457.7501,200,,D
AAPL,20130201,9:33:14,457.775,100,,D
AAPL,20130201,9:33:14,457.762,300,,D
AAPL,20130201,9:33:14,457.7524,100,,D
AAPL,20130201,9:33:14,457.75,100,,D
AAPL,20130201,9:33:14,457.75,100,,D
AAPL,20130201,9:33:14,457.875,100,,D
AAPL,20130201,9:33:14,457.7502,200,,D
AAPL,20130201,9:33:14,457.795,100,,D
AAPL,20130201,9:33:17,457.93,100,,D
AAPL,20130201,9:33:17,457.96,100,@F,Y
AAPL,20130201,9:33:18,457.96,100,,Q
AAPL,20130201,9:33:18,457.98,100,,Q
AAPL,20130201,9:33:18,457.99,100,@F,Q
AAPL,20130201,9:33:18,457.96,100,,Y
AAPL,20130201,9:33:18,457.99,100,@F,Q
AAPL,20130201,9:33:18,457.97,100,,Y
AAPL,20130201,9:33:18,458,100,@F,Q
AAPL,20130201,9:33:18,457.98,100,,Y
AAPL,20130201,9:33:18,457.98,100,@F,Q
AAPL,20130201,9:33:18,458,100,@F,Q
AAPL,20130201,9:33:18,457.98,100,@F,Z
AAPL,20130201,9:33:18,457.98,100,@F,Z
AAPL,20130201,9:33:18,458,100,@F,Z
AAPL,20130201,9:33:18,458,400,@F,Z
AAPL,20130201,9:33:18,458.06,500,,D
AAPL,20130201,9:33:18,458.06,140,@F,P
AAPL,20130201,9:33:18,458,400,@F,Q
AAPL,20130201,9:33:18,458.03,100,@F,Q
AAPL,20130201,9:33:18,458.06,100,@F,Q
AAPL,20130201,9:33:18,458.07,100,@F,P
AAPL,20130201,9:33:18,458,100,@F,Z
AAPL,20130201,9:33:18,458.08,100,@F,P
AAPL,20130201,9:33:18,458,100,@F,Z
AAPL,20130201,9:33:18,458,100,@F,Z
AAPL,20130201,9:33:18,458,100,@F,Z
AAPL,20130201,9:33:18,458,100,@F,Z
AAPL,20130201,9:33:18,458.005,100,@F,Z
AAPL,20130201,9:33:18,458.005,200,@F,Z
AAPL,20130201,9:33:18,458.08,100,@F,K
AAPL,20130201,9:33:18,458,100,,D
AAPL,20130201,9:33:18,458.089,500,,D
AAPL,20130201,9:33:18,458.09,100,@F,Z
AAPL,20130201,9:33:18,458.089,840,,D
AAPL,20130201,9:33:19,458.189,160,,D
AAPL,20130201,9:33:19,458.189,200,,D
AAPL,20130201,9:33:19,458.1899,300,,D
AAPL,20130201,9:33:19,458.19,300,,D
AAPL,20130201,9:33:19,458.1859,100,,D
AAPL,20130201,9:33:19,458.19,100,,D
AAPL,20130201,9:33:19,458.1899,100,,D
AAPL,20130201,9:33:19,458.19,100,,D
AAPL,20130201,9:33:19,458.1819,200,,D
AAPL,20130201,9:33:19,458.182,200,,D
AAPL,20130201,9:33:19,458.1899,320,,D
AAPL,20130201,9:33:19,458.19,320,,D
AAPL,20130201,9:33:19,458.0075,100,,D
AAPL,20130201,9:33:19,457.955,100,,D
AAPL,20130201,9:33:19,457.95,100,,D
AAPL,20130201,9:33:19,457.95,100,,D
AAPL,20130201,9:33:19,457.95,200,,D
AAPL,20130201,9:33:19,457.93,500,,D
AAPL,20130201,9:33:19,458.16,100,,D
AAPL,20130201,9:33:19,458.14,400,,D
AAPL,20130201,9:33:20,458.14,100,,D
AAPL,20130201,9:33:20,458.044,100,,D
AAPL,20130201,9:33:20,458.11,100,,D
AAPL,20130201,9:33:21,457.98,199,@F,Z
AAPL,20130201,9:33:21,457.995,100,,D
AAPL,20130201,9:33:23,457.93,163,,P
AAPL,20130201,9:33:23,458.015,100,,D
AAPL,20130201,9:33:23,458.01,100,,Q
AAPL,20130201,9:33:24,458.02,100,@F,Y
AAPL,20130201,9:33:24,458.02,100,@F,Y
AAPL,20130201,9:33:24,458.085,100,,D
AAPL,20130201,9:33:24,458.01,100,,D
AAPL,20130201,9:33:24,458.01,100,@F,Y
AAPL,20130201,9:33:24,457.93,100,,Q
AAPL,20130201,9:33:24,458.16,100,@F,C
AAPL,20130201,9:33:24,458.16,100,@F,C
AAPL,20130201,9:33:25,458.16,100,@F,C
AAPL,20130201,9:33:25,458.085,100,,D
AAPL,20130201,9:33:25,458.11,100,,D
AAPL,20130201,9:33:25,457.9,100,,Z
AAPL,20130201,9:33:25,457.9,100,,Z
AAPL,20130201,9:33:25,457.89,100,,Z
AAPL,20130201,9:33:25,457.89,596,,Z
AAPL,20130201,9:33:25,458.16,100,,D
AAPL,20130201,9:33:26,457.936,300,,D
AAPL,20130201,9:33:26,458.1,100,,D
AAPL,20130201,9:33:26,458.01,100,,D
AAPL,20130201,9:33:27,458.11,100,,D
AAPL,20130201,9:33:27,458.157,100,,D
AAPL,20130201,9:33:27,458.135,100,,D
AAPL,20130201,9:33:29,458.159,100,,D
AAPL,20130201,9:33:29,458.159,100,,D
AAPL,20130201,9:33:29,458.16,100,,D
AAPL,20130201,9:33:29,458.16,100,,D
AAPL,20130201,9:33:30,458.06,100,,P
AAPL,20130201,9:33:30,458.015,300,@F,Q
AAPL,20130201,9:33:30,458.08,100,,P
AAPL,20130201,9:33:30,458.01,100,,D
AAPL,20130201,9:33:30,458.07,100,,D
AAPL,20130201,9:33:30,458.02,400,,D
AAPL,20130201,9:33:30,458.02,100,,D
AAPL,20130201,9:33:31,458,100,@F,Q
AAPL,20130201,9:33:31,457.97,100,@F,Q
AAPL,20130201,9:33:31,458,100,@F,Q
AAPL,20130201,9:33:31,457.94,100,@F,Q
AAPL,20130201,9:33:31,458,100,@F,Y
AAPL,20130201,9:33:31,458.01,100,@F,K
AAPL,20130201,9:33:31,458,150,@F,Y
AAPL,20130201,9:33:31,458.05,100,,D
AAPL,20130201,9:33:31,458.05,100,,D
AAPL,20130201,9:33:31,457.985,100,,D
AAPL,20130201,9:33:31,458,100,@F,Q
AAPL,20130201,9:33:31,458,150,@F,Q
AAPL,20130201,9:33:32,458.045,100,,D
AAPL,20130201,9:33:32,458.11,100,,D
AAPL,20130201,9:33:32,457.976,500,,D
AAPL,20130201,9:33:32,457.97,600,,D
AAPL,20130201,9:33:32,457.96,200,,D
AAPL,20130201,9:33:32,458.11,100,,D
AAPL,20130201,9:33:33,458.054,100,,D
AAPL,20130201,9:33:33,458.01,200,,D
AAPL,20130201,9:33:33,457.91,100,,D
AAPL,20130201,9:33:33,457.93,200,,B
AAPL,20130201,9:33:33,457.93,100,,B
AAPL,20130201,9:33:33,457.93,100,,B
AAPL,20130201,9:33:33,457.92,100,@F,B
AAPL,20130201,9:33:33,457.93,100,@F,Y
AAPL,20130201,9:33:33,457.92,100,@F,Y
AAPL,20130201,9:33:33,457.93,100,@F,P
AAPL,20130201,9:33:33,457.91,100,@F,P
AAPL,20130201,9:33:33,457.98,100,,D
AAPL,20130201,9:33:33,457.9,100,@F,Q
AAPL,20130201,9:33:33,457.88,100,@F,Q
AAPL,20130201,9:33:33,457.88,100,@F,Q
AAPL,20130201,9:33:33,457.88,100,@F,P
AAPL,20130201,9:33:33,457.88,100,@F,K
AAPL,20130201,9:33:33,457.88,100,@F,K
AAPL,20130201,9:33:33,457.87,100,@F,K
AAPL,20130201,9:33:33,457.87,100,@F,K
AAPL,20130201,9:33:33,457.83,100,@F,Q
AAPL,20130201,9:33:33,457.83,100,@F,Z
AAPL,20130201,9:33:33,457.83,100,@F,P
AAPL,20130201,9:33:33,457.83,100,@F,K
AAPL,20130201,9:33:34,457.78,100,,Q
AAPL,20130201,9:33:34,457.76,100,,Q
AAPL,20130201,9:33:34,457.76,100,,Y
AAPL,20130201,9:33:34,457.75,100,@F,P
AAPL,20130201,9:33:34,457.79,100,@F,D
AAPL,20130201,9:33:34,457.81,100,,D
AAPL,20130201,9:33:34,457.82,100,,D
AAPL,20130201,9:33:34,457.82,100,,D
AAPL,20130201,9:33:35,457.74,300,,D
AAPL,20130201,9:33:35,457.69,100,,Y
AAPL,20130201,9:33:35,457.7775,100,,D
AAPL,20130201,9:33:36,457.782,200,,D
AAPL,20130201,9:33:36,457.81,100,,D
AAPL,20130201,9:33:38,457.84,100,,D
AAPL,20130201,9:33:39,457.81,100,,Q
AAPL,20130201,9:33:39,457.8,100,,Q
AAPL,20130201,9:33:39,457.82,1600,,D
AAPL,20130201,9:33:39,457.86,100,@F,Q
AAPL,20130201,9:33:39,457.86,100,@F,Q
AAPL,20130201,9:33:39,457.87,100,@F,Q
AAPL,20130201,9:33:39,457.86,100,,Q
AAPL,20130201,9:33:39,457.87,100,,Q
AAPL,20130201,9:33:39,457.87,100,,Q
AAPL,20130201,9:33:39,457.87,100,,Q
AAPL,20130201,9:33:39,457.88,100,@F,Q
AAPL,20130201,9:33:39,457.88,100,@F,Q
AAPL,20130201,9:33:39,457.89,100,@F,Q
AAPL,20130201,9:33:39,457.89,100,@F,Q
AAPL,20130201,9:33:39,457.91,100,@F,Q
AAPL,20130201,9:33:39,457.92,100,@F,Q
AAPL,20130201,9:33:39,457.92,100,@F,Q
AAPL,20130201,9:33:39,457.93,100,@F,Q
AAPL,20130201,9:33:39,457.93,100,@F,Q
AAPL,20130201,9:33:39,457.91,100,@F,P
AAPL,20130201,9:33:39,457.93,100,@F,P
AAPL,20130201,9:33:39,457.92,100,@F,K
AAPL,20130201,9:33:39,457.93,100,@F,P
AAPL,20130201,9:33:39,457.93,100,@F,P
AAPL,20130201,9:33:39,457.92,100,@F,K
AAPL,20130201,9:33:39,457.91,100,@F,K
AAPL,20130201,9:33:39,457.99,100,@F,P
AAPL,20130201,9:33:39,457.91,100,@F,K
AAPL,20130201,9:33:39,457.93,100,,D
AAPL,20130201,9:33:40,457.96,100,,P
AAPL,20130201,9:33:40,457.97,100,,D
AAPL,20130201,9:33:40,458.0599,100,,D
AAPL,20130201,9:33:40,458.06,100,@F,K
AAPL,20130201,9:33:40,457.98,100,@F,B
AAPL,20130201,9:33:40,457.86,100,,D
AAPL,20130201,9:33:40,457.86,400,,D
AAPL,20130201,9:33:40,457.87,100,,D
AAPL,20130201,9:33:40,457.86,100,,D
AAPL,20130201,9:33:40,458.025,300,@F,Q
AAPL,20130201,9:33:40,458.06,100,@F,B
AAPL,20130201,9:33:40,458.09,100,@F,B
AAPL,20130201,9:33:40,458.025,100,@F,Q
AAPL,20130201,9:33:40,458.09,100,,K
AAPL,20130201,9:33:41,458.025,100,,D
AAPL,20130201,9:33:41,457.9601,500,,D
AAPL,20130201,9:33:41,458.01,120,@F,P
AAPL,20130201,9:33:41,458.01,300,,D
AAPL,20130201,9:33:42,458,100,@F,Y
AAPL,20130201,9:33:42,458,100,@F,P
AAPL,20130201,9:33:43,457.95,100,,D
AAPL,20130201,9:33:43,457.95,100,,D
AAPL,20130201,9:33:43,457.95,100,,Q
AAPL,20130201,9:33:43,457.94,100,,Z
AAPL,20130201,9:33:43,457.94,100,@F,K
AAPL,20130201,9:33:43,457.93,100,,K
AAPL,20130201,9:33:43,458,100,,D
AAPL,20130201,9:33:43,457.91,100,@F,Q
AAPL,20130201,9:33:43,457.91,100,@F,Q
AAPL,20130201,9:33:43,457.91,100,@F,Q
AAPL,20130201,9:33:43,457.91,100,@F,Q
AAPL,20130201,9:33:43,457.92,100,@F,K
AAPL,20130201,9:33:43,457.91,100,@F,P
AAPL,20130201,9:33:43,457.91,100,@F,P
AAPL,20130201,9:33:43,457.92,100,@F,K
AAPL,20130201,9:33:43,457.91,100,@F,P
AAPL,20130201,9:33:43,457.92,100,@F,K
AAPL,20130201,9:33:43,457.9,100,@F,P
AAPL,20130201,9:33:43,457.9,100,@F,P
AAPL,20130201,9:33:43,457.9,100,@F,P
AAPL,20130201,9:33:43,457.91,100,@F,K
AAPL,20130201,9:33:43,457.91,100,@F,K
AAPL,20130201,9:33:43,457.75,100,,P
AAPL,20130201,9:33:43,457.71,100,,D
AAPL,20130201,9:33:43,457.71,254,,D
AAPL,20130201,9:33:43,457.74,100,,Q
AAPL,20130201,9:33:43,457.716,100,,D
AAPL,20130201,9:33:44,457.92,100,,D
AAPL,20130201,9:33:44,457.86,100,,K
AAPL,20130201,9:33:44,458,100,,D
AAPL,20130201,9:33:45,457.86,100,@F,K
AAPL,20130201,9:33:45,457.87,600,@F,K
AAPL,20130201,9:33:45,457.87,2067,,K
AAPL,20130201,9:33:46,457.92,500,,D
AAPL,20130201,9:33:46,457.97,100,@F,D
AAPL,20130201,9:33:46,457.97,100,@F,D
AAPL,20130201,9:33:46,457.91,100,,Z
AAPL,20130201,9:33:46,457.97,100,,Z
AAPL,20130201,9:33:47,457.9799,100,,D
AAPL,20130201,9:33:47,457.749,100,,D
AAPL,20130201,9:33:47,457.74,100,,D
AAPL,20130201,9:33:47,457.94,100,@F,Q
AAPL,20130201,9:33:47,457.95,140,@F,Q
AAPL,20130201,9:33:47,457.96,100,@F,P
AAPL,20130201,9:33:47,457.98,160,@F,P
AAPL,20130201,9:33:48,457.98,100,@F,K
AAPL,20130201,9:33:48,457.7602,500,,D
AAPL,20130201,9:33:49,457.97,100,@F,Q
AAPL,20130201,9:33:49,457.93,200,,D
AAPL,20130201,9:33:49,457.98,200,,D
AAPL,20130201,9:33:49,457.96,100,@F,Q
AAPL,20130201,9:33:49,457.97,100,@F,Q
AAPL,20130201,9:33:51,457.98,100,@F,Q
AAPL,20130201,9:33:51,457.99,100,@F,P
AAPL,20130201,9:33:51,457.89,312,,P
AAPL,20130201,9:33:51,457.89,100,@F,P
AAPL,20130201,9:33:51,458.0499,466,,D
AAPL,20130201,9:33:51,458.043,100,,D
AAPL,20130201,9:33:52,458.01,100,@F,K
AAPL,20130201,9:33:52,458,450,,D
AAPL,20130201,9:33:52,457.91,100,@F,Q
AAPL,20130201,9:33:52,457.77,100,,B
AAPL,20130201,9:33:52,457.87,100,,B
AAPL,20130201,9:33:53,457.7501,1000,,D
AAPL,20130201,9:33:53,457.91,100,@F,K
AAPL,20130201,9:33:54,457.77,200,,B
AAPL,20130201,9:33:54,457.77,100,,B
AAPL,20130201,9:33:54,457.76,100,,B
AAPL,20130201,9:33:54,457.76,100,@F,D
AAPL,20130201,9:33:55,457.82,200,,Q
AAPL,20130201,9:33:55,457.825,212,,Z
AAPL,20130201,9:33:55,457.86,100,@F,D
AAPL,20130201,9:33:55,457.86,100,@F,Q
AAPL,20130201,9:33:55,457.86,100,,Q
AAPL,20130201,9:33:55,457.9,100,@F,K
AAPL,20130201,9:33:56,457.9,100,@F,K
AAPL,20130201,9:33:56,457.85,100,,D
AAPL,20130201,9:33:56,457.85,100,,D
AAPL,20130201,9:33:58,457.862,100,,D
AAPL,20130201,9:33:58,457.89,100,,D
AAPL,20130201,9:33:58,457.8,100,@F,P
AAPL,20130201,9:33:58,457.8,100,@F,P
AAPL,20130201,9:33:58,457.79,170,,P
AAPL,20130201,9:33:58,457.79,200,@F,P
AAPL,20130201,9:33:58,457.79,370,@F,P
AAPL,20130201,9:33:58,457.75,129,@F,Q
AAPL,20130201,9:33:58,457.825,132,,Z
AAPL,20130201,9:33:58,457.76,100,@F,Z
AAPL,20130201,9:33:58,457.76,100,@F,P
AAPL,20130201,9:33:58,457.75,100,@F,P
AAPL,20130201,9:33:58,457.7,200,@F,Q
AAPL,20130201,9:33:58,457.75,195,,K
AAPL,20130201,9:33:58,457.7,100,@F,Y
AAPL,20130201,9:33:58,457.785,100,,D
AAPL,20130201,9:33:58,457.7,100,@F,P
AAPL,20130201,9:33:58,457.7,100,@F,P
AAPL,20130201,9:33:58,457.84,100,,Z
AAPL,20130201,9:33:58,457.75,200,,D
AAPL,20130201,9:33:59,457.72,100,@F,Q
AAPL,20130201,9:33:59,457.8,100,,D
AAPL,20130201,9:33:59,457.71,100,@F,D
AAPL,20130201,9:33:59,457.71,100,,D
AAPL,20130201,9:33:59,457.72,100,@F,Q
AAPL,20130201,9:33:59,457.89,100,@F,K
AAPL,20130201,9:33:59,457.8,100,,D
AAPL,20130201,9:33:59,457.7,100,@F,D
AAPL,20130201,9:33:59,457.72,100,,D
AAPL,20130201,9:33:59,457.77,100,,D
AAPL,20130201,9:33:59,457.71,100,@F,Q
AAPL,20130201,9:33:59,457.74,125,@F,Z
AAPL,20130201,9:34:00,457.69,100,@F,P
AAPL,20130201,9:34:00,457.69,100,@F,K
AAPL,20130201,9:34:00,457.69,100,@F,K
AAPL,20130201,9:34:00,457.68,100,,P
AAPL,20130201,9:34:00,457.69,100,@F,K
AAPL,20130201,9:34:00,457.68,100,,P
AAPL,20130201,9:34:00,457.61,100,@F,Z
AAPL,20130201,9:34:00,457.68,124,@F,P
AAPL,20130201,9:34:00,457.65,100,@F,K
AAPL,20130201,9:34:00,457.65,200,@F,P
AAPL,20130201,9:34:00,457.79,100,@F,D
AAPL,20130201,9:34:00,457.602,100,,D
AAPL,20130201,9:34:00,457.6,100,,D
AAPL,20130201,9:34:01,457.6,100,@F,Q
AAPL,20130201,9:34:01,457.6,200,,D
AAPL,20130201,9:34:01,457.56,100,@F,Z
AAPL,20130201,9:34:01,457.55,100,@F,Q
AAPL,20130201,9:34:01,457.55,100,@F,Z
AAPL,20130201,9:34:01,457.55,200,,D
AAPL,20130201,9:34:01,457.5,250,@F,Q
AAPL,20130201,9:34:01,457.45,200,@F,P
AAPL,20130201,9:34:01,457.45,100,@F,P
AAPL,20130201,9:34:01,457.44,200,@F,P
AAPL,20130201,9:34:01,457.54,100,,D
AAPL,20130201,9:34:01,457.4,428,@F,K
AAPL,20130201,9:34:01,457.4,248,@F,K
AAPL,20130201,9:34:01,457.4,252,@F,K
AAPL,20130201,9:34:01,457.54,100,,D
AAPL,20130201,9:34:01,457.38,100,@F,D
AAPL,20130201,9:34:01,457.5,100,,D
AAPL,20130201,9:34:01,457.4,100,@F,Q
AAPL,20130201,9:34:01,457.33,100,@F,K
AAPL,20130201,9:34:01,457.48,100,@F,K
AAPL,20130201,9:34:01,457.6,200,@F,C
AAPL,20130201,9:34:01,457.5,250,@F,C
AAPL,20130201,9:34:01,457.35,100,,D
AAPL,20130201,9:34:01,457.33,190,,D
AAPL,20130201,9:34:01,457.33,200,,D
AAPL,20130201,9:34:01,457.39,110,,D
AAPL,20130201,9:34:01,457.39,200,,D
AAPL,20130201,9:34:01,457.36,100,,Z
AAPL,20130201,9:34:01,457.33,100,@F,K
AAPL,20130201,9:34:01,457.33,300,,K
AAPL,20130201,9:34:01,457.564,100,,D
AAPL,20130201,9:34:02,457.53,200,,D
AAPL,20130201,9:34:03,457.34,100,,B
AAPL,20130201,9:34:03,457.52,100,,D
AAPL,20130201,9:34:04,457.321,100,,D
AAPL,20130201,9:34:04,457.32,600,,D
AAPL,20130201,9:34:04,457.32,500,,D
AAPL,20130201,9:34:05,457.53,846,,D
AAPL,20130201,9:34:05,457.3202,200,,D
AAPL,20130201,9:34:05,457.41,100,,P
AAPL,20130201,9:34:06,457.37,200,,D
AAPL,20130201,9:34:06,457.34,100,@F,B
AAPL,20130201,9:34:06,457.34,100,@F,B
AAPL,20130201,9:34:06,457.31,100,@F,B
AAPL,20130201,9:34:06,457.27,100,,Q
AAPL,20130201,9:34:06,457.23,200,,Z
AAPL,20130201,9:34:06,457.23,200,@F,Q
AAPL,20130201,9:34:06,457.23,200,@F,Z
AAPL,20130201,9:34:06,457.23,181,@F,Q
AAPL,20130201,9:34:07,457.2301,1000,,D
